日期,本地时间,服务器时间,交易所时间,万得代码,原始代码,业务发生日(自然日),交易日,状态,昨持仓,昨收盘价,昨结算,开盘价,最高价,最低价,最新价,成交总量,成交总金额,持仓总量,今收盘,今结算,涨停价,跌停价,昨虚实度,今虚实度,申卖价,申卖量,申买价,申买量
20160922,122122329,122122320,112945000,ag.SHF,ag,20160922,20160922,0( ),643102,43450000,43080000,44000000,44300000,43520000,44080000,825852,54483828780,637496,44080000,0,45660000,40490000,0,0,44080000 0 0 0 0 ,23 0 0 0 0 ,44070000 0 0 0 0 ,20 0 0 0 0 
20160922,122122338,122122329,112932000,ag00.SHF,ag00,20160922,20160922,0( ),2254,42950000,42770000,43400000,43850000,43400000,43780000,80,5246070,2250,43780000,0,45330000,40200000,0,0,43730000 0 0 0 0 ,7 0 0 0 0 ,43640000 0 0 0 0 ,6 0 0 0 0 
20160922,122122338,122122338,112932000,ag01.SHF,ag01,20160922,20160922,0( ),2038,43150000,42860000,43580000,44010000,43580000,43920000,72,4733400,2066,43920000,0,45430000,40280000,0,0,43890000 0 0 0 0 ,9 0 0 0 0 ,43810000 0 0 0 0 ,15 0 0 0 0 
20160922,122122339,122122339,112945000,ag02.SHF,ag02,20160922,20160922,0( ),643102,43450000,43080000,44000000,44300000,43520000,44080000,825852,54483828780,637496,44080000,0,45660000,40490000,0,0,44080000 0 0 0 0 ,23 0 0 0 0 ,44070000 0 0 0 0 ,20 0 0 0 0 
20160922,122122339,122122339,112940500,ag03.SHF,ag03,20160922,20160922,0( ),1048,43510000,43190000,43860000,44400000,43680000,44260000,582,38534700,1096,44260000,0,45780000,40590000,0,0,44280000 0 0 0 0 ,13 0 0 0 0 ,44200000 0 0 0 0 ,5 0 0 0 0 
20160922,122122339,122122339,112932000,ag04.SHF,ag04,20160922,20160922,0( ),562,43810000,43410000,44080000,44650000,44080000,44450000,72,4799610,556,44450000,0,46010000,40800000,0,0,44400000 0 0 0 0 ,5 0 0 0 0 ,44270000 0 0 0 0 ,6 0 0 0 0 
20160922,122122339,122122339,112932000,ag1610.SHF,ag1610,20160922,20160922,0( ),2254,42950000,42770000,43400000,43850000,43400000,43780000,80,5246070,2250,43780000,0,45330000,40200000,0,0,43730000 0 0 0 0 ,7 0 0 0 0 ,43640000 0 0 0 0 ,6 0 0 0 0 
20160922,122122339,122122339,112932000,ag1611.SHF,ag1611,20160922,20160922,0( ),2038,43150000,42860000,43580000,44010000,43580000,43920000,72,4733400,2066,43920000,0,45430000,40280000,0,0,43890000 0 0 0 0 ,9 0 0 0 0 ,43810000 0 0 0 0 ,15 0 0 0 0 
20160922,122122342,122122342,112945000,ag1612.SHF,ag1612,20160922,20160922,0( ),643102,43450000,43080000,44000000,44300000,43520000,44080000,825852,54483828780,637496,44080000,0,45660000,40490000,0,0,44080000 0 0 0 0 ,23 0 0 0 0 ,44070000 0 0 0 0 ,20 0 0 0 0 
20160922,122122342,122122342,112940500,ag1701.SHF,ag1701,20160922,20160922,0( ),1048,43510000,43190000,43860000,44400000,43680000,44260000,582,38534700,1096,44260000,0,45780000,40590000,0,0,44280000 0 0 0 0 ,13 0 0 0 0 ,44200000 0 0 0 0 ,5 0 0 0 0 
20160922,122122342,122122342,112932000,ag1702.SHF,ag1702,20160922,20160922,0( ),562,43810000,43410000,44080000,44650000,44080000,44450000,72,4799610,556,44450000,0,46010000,40800000,0,0,44400000 0 0 0 0 ,5 0 0 0 0 ,44270000 0 0 0 0 ,6 0 0 0 0 
20160922,122122342,122122342,112912500,ag1703.SHF,ag1703,20160922,20160922,0( ),112,43800000,43330000,44220000,44740000,44220000,44740000,4,266880,112,44740000,0,45920000,40730000,0,0,44750000 0 0 0 0 ,9 0 0 0 0 ,44360000 0 0 0 0 ,1 0 0 0 0 
20160922,122122342,122122342,112931000,ag1704.SHF,ag1704,20160922,20160922,0( ),968,43450000,43450000,44700000,44700000,44700000,44700000,2,134100,968,44700000,0,46050000,40840000,0,0,44890000 0 0 0 0 ,3 0 0 0 0 ,44460000 0 0 0 0 ,9 0 0 0 0 
20160922,122122342,122122342,112935500,ag1705.SHF,ag1705,20160922,20160922,0( ),84,43890000,43750000,44740000,44740000,44650000,44650000,22,1475280,92,44650000,0,46370000,41120000,0,0,45260000 0 0 0 0 ,15 0 0 0 0 ,44430000 0 0 0 0 ,15 0 0 0 0 
20160922,122122342,122122342,112944000,ag1706.SHF,ag1706,20160922,20160922,0( ),21858,44440000,44070000,44810000,45260000,44500000,45040000,11176,753784470,22136,45040000,0,46710000,41420000,0,0,45050000 0 0 0 0 ,3 0 0 0 0 ,45030000 0 0 0 0 ,9 0 0 0 0 
20160922,122122342,122122342,112940500,ag1707.SHF,ag1707,20160922,20160922,0( ),82,44100000,43980000,0,0,0,44100000,0,0,82,44100000,0,46610000,41340000,0,0,45430000 0 0 0 0 ,4 0 0 0 0 ,45130000 0 0 0 0 ,2 0 0 0 0 
20160922,122122342,122122342,112829000,ag1708.SHF,ag1708,20160922,20160922,0( ),76,44630000,44140000,45070000,45490000,45000000,45350000,34,2306730,80,45350000,0,46780000,41490000,0,0,45410000 0 0 0 0 ,1 0 0 0 0 ,44940000 0 0 0 0 ,7 0 0 0 0 
20160922,122122342,122122342,112932000,ag1709.SHF,ag1709,20160922,20160922,0( ),2,44800000,44800000,45320000,45450000,45150000,45450000,22,1494600,20,45450000,0,47480000,42110000,0,0,45470000 0 0 0 0 ,2 0 0 0 0 ,45190000 0 0 0 0 ,5 0 0 0 0 
20160922,122122342,122122342,112944000,al.SHF,al,20160922,20160922,0( ),201986,121450000,121150000,121750000,123250000,121200000,123200000,106268,6496671750,195152,123200000,0,125950000,116300000,0,0,123200000 0 0 0 0 ,192 0 0 0 0 ,123150000 0 0 0 0 ,58 0 0 0 0 
20160922,122122342,122122342,112944000,al00.SHF,al00,20160922,20160922,0( ),77338,123600000,123550000,123600000,125750000,123600000,125700000,23670,1478652800,69958,125700000,0,128450000,118600000,0,0,125750000 0 0 0 0 ,28 0 0 0 0 ,125700000 0 0 0 0 ,35 0 0 0 0 
20160922,122122342,122122342,112944000,al01.SHF,al01,20160922,20160922,0( ),201986,121450000,121150000,121750000,123250000,121200000,123200000,106268,6496671750,195152,123200000,0,125950000,116300000,0,0,123200000 0 0 0 0 ,192 0 0 0 0 ,123150000 0 0 0 0 ,58 0 0 0 0 
20160922,122122342,122122342,112944500,al02.SHF,al02,20160922,20160922,0( ),126136,119650000,119500000,120000000,121300000,119500000,121250000,36950,2226224200,131624,121250000,0,124250000,114700000,0,0,121300000 0 0 0 0 ,283 0 0 0 0 ,121250000 0 0 0 0 ,35 0 0 0 0 
20160922,122122342,122122342,112942000,al03.SHF,al03,20160922,20160922,0( ),59574,118600000,118550000,118600000,120000000,118450000,119950000,12778,762067450,60038,119950000,0,123250000,113800000,0,0,120000000 0 0 0 0 ,13 0 0 0 0 ,119950000 0 0 0 0 ,8 0 0 0 0 
20160922,122122342,122122342,112901500,al04.SHF,al04,20160922,20160922,0( ),41558,118150000,118250000,118350000,119450000,118000000,119250000,6274,372695950,42064,119250000,0,122950000,113500000,0,0,119300000 0 0 0 0 ,4 0 0 0 0 ,119250000 0 0 0 0 ,6 0 0 0 0 
20160922,122122342,122122342,112944000,al1610.SHF,al1610,20160922,20160922,0( ),77338,123600000,123550000,123600000,125750000,123600000,125700000,23670,1478652800,69958,125700000,0,128450000,118600000,0,0,125750000 0 0 0 0 ,28 0 0 0 0 ,125700000 0 0 0 0 ,35 0 0 0 0 
20160922,122122342,122122342,112944000,al1611.SHF,al1611,20160922,20160922,0( ),201986,121450000,121150000,121750000,123250000,121200000,123200000,106268,6496671750,195152,123200000,0,125950000,116300000,0,0,123200000 0 0 0 0 ,192 0 0 0 0 ,123150000 0 0 0 0 ,58 0 0 0 0 
20160922,122122342,122122342,112944500,al1612.SHF,al1612,20160922,20160922,0( ),126136,119650000,119500000,120000000,121300000,119500000,121250000,36950,2226224200,131624,121250000,0,124250000,114700000,0,0,121300000 0 0 0 0 ,283 0 0 0 0 ,121250000 0 0 0 0 ,35 0 0 0 0 
20160922,122122342,122122342,112942000,al1701.SHF,al1701,20160922,20160922,0( ),59574,118600000,118550000,118600000,120000000,118450000,119950000,12778,762067450,60038,119950000,0,123250000,113800000,0,0,120000000 0 0 0 0 ,13 0 0 0 0 ,119950000 0 0 0 0 ,8 0 0 0 0 
20160922,122122342,122122342,112901500,al1702.SHF,al1702,20160922,20160922,0( ),41558,118150000,118250000,118350000,119450000,118000000,119250000,6274,372695950,42064,119250000,0,122950000,113500000,0,0,119300000 0 0 0 0 ,4 0 0 0 0 ,119250000 0 0 0 0 ,6 0 0 0 0 
20160922,122122342,122122342,112937000,al1703.SHF,al1703,20160922,20160922,0( ),27830,118150000,118200000,118200000,119200000,117850000,119150000,4584,271884700,29772,119150000,0,122900000,113450000,0,0,119200000 0 0 0 0 ,5 0 0 0 0 ,119100000 0 0 0 0 ,9 0 0 0 0 
20160922,122122342,122122342,112937500,al1704.SHF,al1704,20160922,20160922,0( ),8602,118200000,118250000,118100000,119250000,117950000,119150000,2216,131617350,10428,119150000,0,122950000,113500000,0,0,119250000 0 0 0 0 ,1 0 0 0 0 ,119100000 0 0 0 0 ,10 0 0 0 0 
20160922,122122342,122122342,112932000,al1705.SHF,al1705,20160922,20160922,0( ),8796,118250000,118400000,118200000,119400000,118100000,119250000,1066,63348050,9402,119250000,0,123100000,113650000,0,0,119600000 0 0 0 0 ,1 0 0 0 0 ,118950000 0 0 0 0 ,1 0 0 0 0 
20160922,122122342,122122342,112936000,al1706.SHF,al1706,20160922,20160922,0( ),2084,118400000,118550000,118550000,119350000,118350000,119200000,140,8338700,2106,119200000,0,123250000,113800000,0,0,119950000 0 0 0 0 ,2 0 0 0 0 ,119150000 0 0 0 0 ,1 0 0 0 0 
20160922,122122342,122122342,112942000,al1707.SHF,al1707,20160922,20160922,0( ),456,118450000,118650000,118500000,119400000,118500000,119400000,62,3688700,474,119400000,0,123350000,113900000,0,0,119650000 0 0 0 0 ,4 0 0 0 0 ,119450000 0 0 0 0 ,2 0 0 0 0 
20160922,122122342,122122342,112945000,al1708.SHF,al1708,20160922,20160922,0( ),1946,118450000,118600000,118600000,119750000,117650000,119750000,156,9279600,2004,119750000,0,123300000,113850000,0,0,119850000 0 0 0 0 ,1 0 0 0 0 ,118500000 0 0 0 0 ,3 0 0 0 0 
20160922,122122342,122122342,112939000,al1709.SHF,al1709,20160922,20160922,0( ),212,119050000,118900000,118400000,119900000,118400000,119050000,8,475800,208,119050000,0,123650000,114100000,0,0,120650000 0 0 0 0 ,1 0 0 0 0 ,119100000 0 0 0 0 ,2 0 0 0 0 
20160922,122122342,122122342,112944500,au.SHF,au,20160922,20160922,0( ),324646,2853500,2848000,2870000,2882500,2848500,2878000,179992,51680996400,318314,2878000,0,2990000,2705500,0,0,2878500 0 0 0 0 ,36 0 0 0 0 ,2878000 0 0 0 0 ,5 0 0 0 0 
20160922,122122342,122122342,112944500,au00.SHF,au00,20160922,20160922,0( ),84,2851500,2846500,2860500,2872000,2860000,2860000,24,6879600,64,2860000,0,2988500,2704000,0,0,2908000 0 0 0 0 ,12 0 0 0 0 ,2872500 0 0 0 0 ,1 0 0 0 0 
20160922,122122343,122122343,112717000,au01.SHF,au01,20160922,20160922,0( ),18,2860000,2850000,2857000,2886000,2857000,2873000,64,18411300,22,2873000,0,2992500,2707500,0,0,2879000 0 0 0 0 ,1 0 0 0 0 ,2873000 0 0 0 0 ,1 0 0 0 0 
20160922,122122343,122122343,112944500,au02.SHF,au02,20160922,20160922,0( ),324646,2853500,2848000,2870000,2882500,2848500,2878000,179992,51680996400,318314,2878000,0,2990000,2705500,0,0,2878500 0 0 0 0 ,36 0 0 0 0 ,2878000 0 0 0 0 ,5 0 0 0 0 
20160922,122122343,122122343,112931500,au03.SHF,au03,20160922,20160922,0( ),174,2872500,2864000,2882500,2893500,2874500,2893500,10,2883200,176,2893500,0,3007000,2720500,0,0,2901000 0 0 0 0 ,2 0 0 0 0 ,2893000 0 0 0 0 ,1 0 0 0 0 
20160922,122122343,122122343,112944500,au04.SHF,au04,20160922,20160922,0( ),110,2877500,2865000,2878000,2897500,2878000,2897500,4,1155100,114,2897500,0,3008000,2721500,0,0,2899500 0 0 0 0 ,1 0 0 0 0 ,2883500 0 0 0 0 ,10 0 0 0 0 
20160922,122122343,122122343,112944500,au1610.SHF,au1610,20160922,20160922,0( ),84,2851500,2846500,2860500,2872000,2860000,2860000,24,6879600,64,2860000,0,2988500,2704000,0,0,2908000 0 0 0 0 ,12 0 0 0 0 ,2872500 0 0 0 0 ,1 0 0 0 0 
20160922,122122343,122122343,112717000,au1611.SHF,au1611,20160922,20160922,0( ),18,2860000,2850000,2857000,2886000,2857000,2873000,64,18411300,22,2873000,0,2992500,2707500,0,0,2879000 0 0 0 0 ,1 0 0 0 0 ,2873000 0 0 0 0 ,1 0 0 0 0 
20160922,122122343,122122343,112944500,au1612.SHF,au1612,20160922,20160922,0( ),324646,2853500,2848000,2870000,2882500,2848500,2878000,179992,51680996400,318314,2878000,0,2990000,2705500,0,0,2878500 0 0 0 0 ,36 0 0 0 0 ,2878000 0 0 0 0 ,5 0 0 0 0 
20160922,122122343,122122343,112931500,au1702.SHF,au1702,20160922,20160922,0( ),174,2872500,2864000,2882500,2893500,2874500,2893500,10,2883200,176,2893500,0,3007000,2720500,0,0,2901000 0 0 0 0 ,2 0 0 0 0 ,2893000 0 0 0 0 ,1 0 0 0 0 
20160922,122122343,122122343,112944500,au1704.SHF,au1704,20160922,20160922,0( ),110,2877500,2865000,2878000,2897500,2878000,2897500,4,1155100,114,2897500,0,3008000,2721500,0,0,2899500 0 0 0 0 ,1 0 0 0 0 ,2883500 0 0 0 0 ,10 0 0 0 0 
20160922,122122343,122122343,112942000,au1706.SHF,au1706,20160922,20160922,0( ),25210,2873500,2870000,2894500,2902000,2868500,2898500,3544,1024864100,24766,2898500,0,3013500,2726500,0,0,2899000 0 0 0 0 ,3 0 0 0 0 ,2898500 0 0 0 0 ,17 0 0 0 0 
20160922,122122343,122122343,112944500,au1708.SHF,au1708,20160922,20160922,0( ),252,2893500,2890500,2903000,2921000,2899500,2917500,40,11639500,252,2917500,0,3035000,2745500,0,0,2929500 0 0 0 0 ,6 0 0 0 0 ,2911500 0 0 0 0 ,1 0 0 0 0 
20160922,122122343,122122343,112906500,au1710.SHF,au1710,20160922,20160922,0( ),0,2889000,2889000,0,0,0,2889000,0,0,0,2889000,0,3177500,2600000,0,0,2926500 0 0 0 0 ,2 0 0 0 0 ,2908000 0 0 0 0 ,1 0 0 0 0 
20160922,122122343,122122343,112945000,bu.SHF,bu,20160922,20160922,0( ),1194688,18300000,18420000,18260000,18620000,18260000,18380000,701070,12941784960,1200776,18380000,0,19520000,17300000,0,0,18400000 0 0 0 0 ,1013 0 0 0 0 ,18380000 0 0 0 0 ,70 0 0 0 0 
20160922,122122343,122122343,112925500,bu00.SHF,bu00,20160922,20160922,0( ),1314,16420000,16300000,16420000,16500000,16380000,16460000,180,2959160,1226,16460000,0,17260000,15320000,0,0,16480000 0 0 0 0 ,9 0 0 0 0 ,16400000 0 0 0 0 ,1 0 0 0 0 
20160922,122122343,122122343,112942500,bu01.SHF,bu01,20160922,20160922,0( ),290,17620000,17860000,17720000,17980000,17720000,17820000,46,821480,312,17820000,0,18920000,16780000,0,0,17820000 0 0 0 0 ,1 0 0 0 0 ,17700000 0 0 0 0 ,10 0 0 0 0 
20160922,122122343,122122343,112945000,bu02.SHF,bu02,20160922,20160922,0( ),1194688,18300000,18420000,18260000,18620000,18260000,18380000,701070,12941784960,1200776,18380000,0,19520000,17300000,0,0,18400000 0 0 0 0 ,1013 0 0 0 0 ,18380000 0 0 0 0 ,70 0 0 0 0 
20160922,122122343,122122343,112945000,bu03.SHF,bu03,20160922,20160922,0( ),5340,18720000,18800000,18720000,18960000,18640000,18800000,1826,34416040,5478,18800000,0,19920000,17660000,0,0,18800000 0 0 0 0 ,9 0 0 0 0 ,18780000 0 0 0 0 ,1 0 0 0 0 
20160922,122122343,122122343,112942000,bu04.SHF,bu04,20160922,20160922,0( ),22,19000000,19460000,19380000,19660000,19020000,19660000,8,155360,18,19660000,0,20620000,18280000,0,0,19860000 0 0 0 0 ,1 0 0 0 0 ,19020000 0 0 0 0 ,1 0 0 0 0 
20160922,122122343,122122343,112925500,bu1610.SHF,bu1610,20160922,20160922,0( ),1314,16420000,16300000,16420000,16500000,16380000,16460000,180,2959160,1226,16460000,0,17260000,15320000,0,0,16480000 0 0 0 0 ,9 0 0 0 0 ,16400000 0 0 0 0 ,1 0 0 0 0 
20160922,122122343,122122343,112942500,bu1611.SHF,bu1611,20160922,20160922,0( ),290,17620000,17860000,17720000,17980000,17720000,17820000,46,821480,312,17820000,0,18920000,16780000,0,0,17820000 0 0 0 0 ,1 0 0 0 0 ,17700000 0 0 0 0 ,10 0 0 0 0 
20160922,122122343,122122343,112945000,bu1612.SHF,bu1612,20160922,20160922,0( ),1194688,18300000,18420000,18260000,18620000,18260000,18380000,701070,12941784960,1200776,18380000,0,19520000,17300000,0,0,18400000 0 0 0 0 ,1013 0 0 0 0 ,18380000 0 0 0 0 ,70 0 0 0 0 
20160922,122122343,122122343,112945000,bu1701.SHF,bu1701,20160922,20160922,0( ),5340,18720000,18800000,18720000,18960000,18640000,18800000,1826,34416040,5478,18800000,0,19920000,17660000,0,0,18800000 0 0 0 0 ,9 0 0 0 0 ,18780000 0 0 0 0 ,1 0 0 0 0 
20160922,122122343,122122343,112942000,bu1702.SHF,bu1702,20160922,20160922,0( ),22,19000000,19460000,19380000,19660000,19020000,19660000,8,155360,18,19660000,0,20620000,18280000,0,0,19860000 0 0 0 0 ,1 0 0 0 0 ,19020000 0 0 0 0 ,1 0 0 0 0 
20160922,122122343,122122343,112935000,bu1703.SHF,bu1703,20160922,20160922,0( ),288,19720000,20100000,19860000,20120000,19820000,19920000,48,960960,304,19920000,0,21300000,18880000,0,0,20080000 0 0 0 0 ,2 0 0 0 0 ,19500000 0 0 0 0 ,2 0 0 0 0 
20160922,122122343,122122343,112945000,bu1706.SHF,bu1706,20160922,20160922,0( ),63608,20360000,20500000,20300000,20680000,20300000,20500000,17574,360634920,64446,20500000,0,21720000,19260000,0,0,20500000 0 0 0 0 ,27 0 0 0 0 ,20480000 0 0 0 0 ,19 0 0 0 0 
20160922,122122343,122122343,112935500,bu1709.SHF,bu1709,20160922,20160922,0( ),1076,21440000,21600000,21500000,21720000,21500000,21660000,68,1468320,1078,21660000,0,22880000,20300000,0,0,21680000 0 0 0 0 ,2 0 0 0 0 ,21540000 0 0 0 0 ,5 0 0 0 0 
20160922,122122343,122122343,112934000,bu1712.SHF,bu1712,20160922,20160922,0( ),874,22200000,22380000,22280000,22460000,22280000,22360000,46,1028880,884,22360000,0,23720000,21020000,0,0,22360000 0 0 0 0 ,4 0 0 0 0 ,22220000 0 0 0 0 ,3 0 0 0 0 
20160922,122122343,122122343,112931000,bu1803.SHF,bu1803,20160922,20160922,0( ),78,23020000,23020000,0,0,0,23020000,0,0,78,23020000,0,24400000,21620000,0,0,23120000 0 0 0 0 ,1 0 0 0 0 ,22960000 0 0 0 0 ,1 0 0 0 0 
20160922,122122343,122122343,112813000,bu1806.SHF,bu1806,20160922,20160922,0( ),390,23340000,23360000,23420000,23440000,23420000,23440000,18,421880,396,23440000,0,24760000,21940000,0,0,23460000 0 0 0 0 ,1 0 0 0 0 ,23340000 0 0 0 0 ,1 0 0 0 0 
20160922,122122343,122122343,112815000,bu1809.SHF,bu1809,20160922,20160922,0( ),76,23660000,23760000,23640000,23880000,23620000,23880000,34,807880,102,23880000,0,25180000,22320000,0,0,23840000 0 0 0 0 ,1 0 0 0 0 ,23740000 0 0 0 0 ,1 0 0 0 0 
20160922,122122343,122122343,112944500,cu.SHF,cu,20160922,20160922,0( ),178240,373000000,373300000,373100000,376500000,372400000,375500000,148572,27825113600,177518,375500000,0,395600000,350900000,0,0,375500000 0 0 0 0 ,31 0 0 0 0 ,375400000 0 0 0 0 ,17 0 0 0 0 
20160922,122122343,122122343,112945000,cu00.SHF,cu00,20160922,20160922,0( ),82822,373200000,372800000,373600000,376000000,372300000,375200000,31372,5878971600,77464,375200000,0,395100000,350400000,0,0,375300000 0 0 0 0 ,80 0 0 0 0 ,375200000 0 0 0 0 ,5 0 0 0 0 
20160922,122122343,122122343,112944500,cu01.SHF,cu01,20160922,20160922,0( ),178240,373000000,373300000,373100000,376500000,372400000,375500000,148572,27825113600,177518,375500000,0,395600000,350900000,0,0,375500000 0 0 0 0 ,31 0 0 0 0 ,375400000 0 0 0 0 ,17 0 0 0 0 
20160922,122122343,122122343,112945000,cu02.SHF,cu02,20160922,20160922,0( ),116754,373400000,373300000,373000000,376600000,372500000,375700000,62608,11735948400,128368,375700000,0,395600000,350900000,0,0,375900000 0 0 0 0 ,35 0 0 0 0 ,375700000 0 0 0 0 ,26 0 0 0 0 
20160922,122122343,122122343,112944500,cu03.SHF,cu03,20160922,20160922,0( ),38646,373600000,373400000,373200000,376800000,372600000,376000000,21204,3978313000,45358,376000000,0,395800000,350900000,0,0,376100000 0 0 0 0 ,8 0 0 0 0 ,376000000 0 0 0 0 ,23 0 0 0 0 
20160922,122122343,122122343,112940500,cu04.SHF,cu04,20160922,20160922,0( ),8516,373900000,374000000,373300000,377500000,373000000,376900000,7810,1471297400,14422,376900000,0,396400000,351500000,0,0,376800000 0 0 0 0 ,5 0 0 0 0 ,376500000 0 0 0 0 ,9 0 0 0 0 
20160922,122122343,122122343,112945000,cu1610.SHF,cu1610,20160922,20160922,0( ),82822,373200000,372800000,373600000,376000000,372300000,375200000,31372,5878971600,77464,375200000,0,395100000,350400000,0,0,375300000 0 0 0 0 ,80 0 0 0 0 ,375200000 0 0 0 0 ,5 0 0 0 0 
20160922,122122343,122122343,112944500,cu1611.SHF,cu1611,20160922,20160922,0( ),178240,373000000,373300000,373100000,376500000,372400000,375500000,148572,27825113600,177518,375500000,0,395600000,350900000,0,0,375500000 0 0 0 0 ,31 0 0 0 0 ,375400000 0 0 0 0 ,17 0 0 0 0 
20160922,122122343,122122343,112945000,cu1612.SHF,cu1612,20160922,20160922,0( ),116754,373400000,373300000,373000000,376600000,372500000,375700000,62608,11735948400,128368,375700000,0,395600000,350900000,0,0,375900000 0 0 0 0 ,35 0 0 0 0 ,375700000 0 0 0 0 ,26 0 0 0 0 
20160922,122122343,122122343,112944500,cu1701.SHF,cu1701,20160922,20160922,0( ),38646,373600000,373400000,373200000,376800000,372600000,376000000,21204,3978313000,45358,376000000,0,395800000,350900000,0,0,376100000 0 0 0 0 ,8 0 0 0 0 ,376000000 0 0 0 0 ,23 0 0 0 0 
20160922,122122343,122122343,112940500,cu1702.SHF,cu1702,20160922,20160922,0( ),8516,373900000,374000000,373300000,377500000,373000000,376900000,7810,1471297400,14422,376900000,0,396400000,351500000,0,0,376800000 0 0 0 0 ,5 0 0 0 0 ,376500000 0 0 0 0 ,9 0 0 0 0 
20160922,122122343,122122343,112935500,cu1703.SHF,cu1703,20160922,20160922,0( ),7690,374000000,373900000,373800000,377700000,373600000,377300000,844,158914000,7364,377300000,0,396300000,351400000,0,0,377200000 0 0 0 0 ,3 0 0 0 0 ,376700000 0 0 0 0 ,6 0 0 0 0 
20160922,122122343,122122343,112934000,cu1704.SHF,cu1704,20160922,20160922,0( ),2196,374600000,374600000,374800000,377800000,373800000,377800000,144,27112100,2194,377800000,0,397000000,352100000,0,0,377500000 0 0 0 0 ,1 0 0 0 0 ,377100000 0 0 0 0 ,1 0 0 0 0 
20160922,122122343,122122343,112934000,cu1705.SHF,cu1705,20160922,20160922,0( ),2162,374800000,374600000,375000000,378100000,373700000,378100000,354,66646900,2134,378100000,0,397000000,352100000,0,0,378000000 0 0 0 0 ,4 0 0 0 0 ,377400000 0 0 0 0 ,1 0 0 0 0 
20160922,122122343,122122343,112932000,cu1706.SHF,cu1706,20160922,20160922,0( ),1746,375600000,375000000,375000000,378600000,374700000,378100000,106,19997900,1718,378100000,0,397500000,352500000,0,0,378500000 0 0 0 0 ,2 0 0 0 0 ,377900000 0 0 0 0 ,2 0 0 0 0 
20160922,122122343,122122343,112934000,cu1707.SHF,cu1707,20160922,20160922,0( ),842,375200000,375400000,375000000,378800000,375000000,378300000,34,6423200,852,378300000,0,397900000,352800000,0,0,378900000 0 0 0 0 ,4 0 0 0 0 ,377300000 0 0 0 0 ,4 0 0 0 0 
20160922,122122343,122122343,112932000,cu1708.SHF,cu1708,20160922,20160922,0( ),634,375800000,375400000,375200000,379000000,375200000,379000000,22,4146100,636,379000000,0,397900000,352800000,0,0,379800000 0 0 0 0 ,4 0 0 0 0 ,378400000 0 0 0 0 ,2 0 0 0 0 
20160922,122122343,122122343,112932000,cu1709.SHF,cu1709,20160922,20160922,0( ),20,376200000,376200000,376800000,379700000,376800000,379600000,24,4546100,42,379600000,0,398700000,353600000,0,0,381700000 0 0 0 0 ,7 0 0 0 0 ,378100000 0 0 0 0 ,2 0 0 0 0 
20160922,122122343,122122343,90614000,fu.SHF,fu,20160922,20160922,0( ),8,26800000,26800000,0,0,0,26800000,0,0,8,26800000,0,28140000,25460000,0,0,27340000 0 0 0 0 ,1 0 0 0 0 ,26630000 0 0 0 0 ,1 0 0 0 0 
20160922,122122343,122122343,73409500,fu00.SHF,fu00,20160922,20160922,0( ),0,24550000,24550000,0,0,0,24550000,0,0,0,24550000,0,27000000,22090000,0,0,0 0 0 0 0 ,0 0 0 0 0 ,0 0 0 0 0 ,0 0 0 0 0 
20160922,122122343,122122343,112851000,fu01.SHF,fu01,20160922,20160922,0( ),6,25920000,25920000,0,0,0,25920000,0,0,0,25920000,0,27210000,24620000,0,0,27210000 0 0 0 0 ,1 0 0 0 0 ,0 0 0 0 0 ,0 0 0 0 0 
20160922,122122343,122122343,112850000,fu02.SHF,fu02,20160922,20160922,0( ),2,25240000,25980000,25370000,25370000,25370000,25370000,2,253700,2,25370000,0,27270000,24680000,0,0,27270000 0 0 0 0 ,1 0 0 0 0 ,25500000 0 0 0 0 ,1 0 0 0 0 
20160922,122122343,122122343,100617500,fu03.SHF,fu03,20160922,20160922,0( ),14,26960000,26960000,0,0,0,26960000,0,0,14,26960000,0,28300000,25610000,0,0,27250000 0 0 0 0 ,1 0 0 0 0 ,26880000 0 0 0 0 ,1 0 0 0 0 
20160922,122122343,122122343,112721000,fu04.SHF,fu04,20160922,20160922,0( ),0,24520000,24520000,0,0,0,24520000,0,0,0,24520000,0,25740000,23290000,0,0,0 0 0 0 0 ,0 0 0 0 0 ,23290000 0 0 0 0 ,2 0 0 0 0 
20160922,122122343,122122343,73409500,fu1610.SHF,fu1610,20160922,20160922,0( ),0,24550000,24550000,0,0,0,24550000,0,0,0,24550000,0,27000000,22090000,0,0,0 0 0 0 0 ,0 0 0 0 0 ,0 0 0 0 0 ,0 0 0 0 0 
20160922,122122343,122122343,112851000,fu1611.SHF,fu1611,20160922,20160922,0( ),0,25920000,25920000,0,0,0,25920000,0,0,0,25920000,0,27210000,24620000,0,0,27210000 0 0 0 0 ,1 0 0 0 0 ,0 0 0 0 0 ,0 0 0 0 0 
20160922,122122343,122122343,112850000,fu1612.SHF,fu1612,20160922,20160922,0( ),2,25240000,25980000,25370000,25370000,25370000,25370000,2,253700,2,25370000,0,27270000,24680000,0,0,27270000 0 0 0 0 ,1 0 0 0 0 ,25500000 0 0 0 0 ,1 0 0 0 0 
20160922,122122343,122122343,100617500,fu1702.SHF,fu1702,20160922,20160922,0( ),14,26960000,26960000,0,0,0,26960000,0,0,14,26960000,0,28300000,25610000,0,0,27250000 0 0 0 0 ,1 0 0 0 0 ,26880000 0 0 0 0 ,1 0 0 0 0 
20160922,122122343,122122343,112721000,fu1703.SHF,fu1703,20160922,20160922,0( ),0,24520000,24520000,0,0,0,24520000,0,0,0,24520000,0,25740000,23290000,0,0,0 0 0 0 0 ,0 0 0 0 0 ,23290000 0 0 0 0 ,2 0 0 0 0 
20160922,122122343,122122343,90614000,fu1704.SHF,fu1704,20160922,20160922,0( ),8,26800000,26800000,0,0,0,26800000,0,0,8,26800000,0,28140000,25460000,0,0,27340000 0 0 0 0 ,1 0 0 0 0 ,26630000 0 0 0 0 ,1 0 0 0 0 
20160922,122122343,122122343,85900000,fu1705.SHF,fu1705,20160922,20160922,0( ),4,24090000,24090000,0,0,0,24090000,0,0,4,24090000,0,25290000,22880000,0,0,0 0 0 0 0 ,0 0 0 0 0 ,25290000 0 0 0 0 ,3 0 0 0 0 
20160922,122122343,122122343,112507500,fu1706.SHF,fu1706,20160922,20160922,0( ),0,24780000,24780000,0,0,0,24780000,0,0,0,24780000,0,27250000,22300000,0,0,27250000 0 0 0 0 ,3 0 0 0 0 ,22300000 0 0 0 0 ,3 0 0 0 0 
20160922,122122343,122122343,112508000,fu1707.SHF,fu1707,20160922,20160922,0( ),0,24780000,24780000,0,0,0,24780000,0,0,0,24780000,0,27250000,22300000,0,0,27250000 0 0 0 0 ,3 0 0 0 0 ,22300000 0 0 0 0 ,5 0 0 0 0 
20160922,122122343,122122343,112508500,fu1708.SHF,fu1708,20160922,20160922,0( ),0,24780000,24780000,0,0,0,24780000,0,0,0,24780000,0,27250000,22300000,0,0,27250000 0 0 0 0 ,3 0 0 0 0 ,22300000 0 0 0 0 ,12 0 0 0 0 
20160922,122122343,122122343,112847500,fu1709.SHF,fu1709,20160922,20160922,0( ),0,24780000,24780000,0,0,0,24780000,0,0,0,24780000,0,27250000,22300000,0,0,27250000 0 0 0 0 ,3 0 0 0 0 ,22300000 0 0 0 0 ,12 0 0 0 0 
20160922,122122343,122122343,112945000,hc.SHF,hc,20160922,20160922,0( ),377130,25300000,25360000,25300000,26020000,25260000,25800000,272670,7002545620,365478,25800000,0,26880000,23830000,0,0,25840000 0 0 0 0 ,15 0 0 0 0 ,25820000 0 0 0 0 ,12 0 0 0 0 
20160922,122122343,122122343,112938500,hc00.SHF,hc00,20160922,20160922,0( ),33314,26820000,26760000,26800000,27180000,26750000,27050000,13104,353639880,27998,27050000,0,28360000,25150000,0,0,27060000 0 0 0 0 ,94 0 0 0 0 ,27050000 0 0 0 0 ,13 0 0 0 0 
20160922,122122343,122122343,103018500,hc01.SHF,hc01,20160922,20160922,0( ),2,25810000,25810000,0,0,0,25810000,0,0,2,25810000,0,27350000,24260000,0,0,27320000 0 0 0 0 ,8 0 0 0 0 ,25520000 0 0 0 0 ,8 0 0 0 0 
20160922,122122343,122122343,112710000,hc02.SHF,hc02,20160922,20160922,0( ),14,25050000,25050000,0,0,0,25050000,0,0,14,25050000,0,26550000,23540000,0,0,26400000 0 0 0 0 ,7 0 0 0 0 ,25420000 0 0 0 0 ,10 0 0 0 0 
20160922,122122343,122122343,112945000,hc03.SHF,hc03,20160922,20160922,0( ),377130,25300000,25360000,25300000,26020000,25260000,25800000,272670,7002545620,365478,25800000,0,26880000,23830000,0,0,25840000 0 0 0 0 ,15 0 0 0 0 ,25820000 0 0 0 0 ,12 0 0 0 0 
20160922,122122343,122122343,112011000,hc04.SHF,hc04,20160922,20160922,0( ),362586,26040000,26040000,0,0,0,26040000,0,0,0,26040000,0,27600000,24470000,0,0,26480000 0 0 0 0 ,8 0 0 0 0 ,25440000 0 0 0 0 ,2 0 0 0 0 
20160922,122122343,122122343,112938500,hc1610.SHF,hc1610,20160922,20160922,0( ),33314,26820000,26760000,26800000,27180000,26750000,27050000,13104,353639880,27998,27050000,0,28360000,25150000,0,0,27060000 0 0 0 0 ,94 0 0 0 0 ,27050000 0 0 0 0 ,13 0 0 0 0 
20160922,122122343,122122343,103018500,hc1611.SHF,hc1611,20160922,20160922,0( ),2,25810000,25810000,0,0,0,25810000,0,0,2,25810000,0,27350000,24260000,0,0,27320000 0 0 0 0 ,8 0 0 0 0 ,25520000 0 0 0 0 ,8 0 0 0 0 
20160922,122122343,122122343,112710000,hc1612.SHF,hc1612,20160922,20160922,0( ),14,25050000,25050000,0,0,0,25050000,0,0,14,25050000,0,26550000,23540000,0,0,26400000 0 0 0 0 ,7 0 0 0 0 ,25420000 0 0 0 0 ,10 0 0 0 0 
20160922,122122343,122122343,112945000,hc1701.SHF,hc1701,20160922,20160922,0( ),377130,25300000,25360000,25300000,26020000,25260000,25800000,272670,7002545620,365478,25800000,0,26880000,23830000,0,0,25840000 0 0 0 0 ,15 0 0 0 0 ,25820000 0 0 0 0 ,12 0 0 0 0 
20160922,122122343,122122343,112011000,hc1702.SHF,hc1702,20160922,20160922,0( ),0,26040000,26040000,0,0,0,26040000,0,0,0,26040000,0,27600000,24470000,0,0,26480000 0 0 0 0 ,8 0 0 0 0 ,25440000 0 0 0 0 ,2 0 0 0 0 
20160922,122122343,122122343,111950000,hc1703.SHF,hc1703,20160922,20160922,0( ),2,25670000,25670000,0,0,0,25670000,0,0,2,25670000,0,27210000,24120000,0,0,26300000 0 0 0 0 ,1 0 0 0 0 ,25420000 0 0 0 0 ,2 0 0 0 0 
20160922,122122343,122122343,112933500,hc1704.SHF,hc1704,20160922,20160922,0( ),4,25470000,25470000,25840000,25840000,25720000,25720000,4,103120,4,25720000,0,26990000,23940000,0,0,26710000 0 0 0 0 ,8 0 0 0 0 ,25810000 0 0 0 0 ,1 0 0 0 0 
20160922,122122343,122122343,112944000,hc1705.SHF,hc1705,20160922,20160922,0( ),33416,25080000,25130000,25080000,25830000,25040000,25600000,10626,271005120,33022,25600000,0,26630000,23620000,0,0,25610000 0 0 0 0 ,20 0 0 0 0 ,25600000 0 0 0 0 ,8 0 0 0 0 
20160922,122122343,122122343,112930500,hc1706.SHF,hc1706,20160922,20160922,0( ),8,25470000,25470000,0,0,0,25470000,0,0,8,25470000,0,26990000,23940000,0,0,26010000 0 0 0 0 ,2 0 0 0 0 ,25360000 0 0 0 0 ,2 0 0 0 0 
20160922,122122343,122122343,112931500,hc1707.SHF,hc1707,20160922,20160922,0( ),0,25810000,25810000,0,0,0,25810000,0,0,0,25810000,0,27350000,24260000,0,0,26310000 0 0 0 0 ,8 0 0 0 0 ,25370000 0 0 0 0 ,2 0 0 0 0 
20160922,122122343,122122343,112931500,hc1708.SHF,hc1708,20160922,20160922,0( ),0,26160000,26160000,0,0,0,26160000,0,0,0,26160000,0,27720000,24590000,0,0,26560000 0 0 0 0 ,8 0 0 0 0 ,25360000 0 0 0 0 ,2 0 0 0 0 
20160922,122122343,122122343,111920500,hc1709.SHF,hc1709,20160922,20160922,0( ),0,25050000,25230000,0,0,0,25050000,0,0,0,25050000,0,26740000,23710000,0,0,26260000 0 0 0 0 ,1 0 0 0 0 ,25360000 0 0 0 0 ,3 0 0 0 0 
20160922,122122343,122122343,112945000,ni.SHF,ni,20160922,20160922,0( ),496404,805100000,805300000,808500000,825600000,805200000,819000000,530246,43186251660,499372,819000000,0,853600000,756900000,0,0,819300000 0 0 0 0 ,40 0 0 0 0 ,819200000 0 0 0 0 ,1 0 0 0 0 
20160922,122122343,122122343,112931000,ni00.SHF,ni00,20160922,20160922,0( ),482,792400000,793400000,798400000,811100000,757500000,811100000,84,6707820,436,811100000,0,841000000,745700000,0,0,811900000 0 0 0 0 ,2 0 0 0 0 ,806500000 0 0 0 0 ,1 0 0 0 0 
20160922,122122343,122122343,112915000,ni01.SHF,ni01,20160922,20160922,0( ),292,795400000,794800000,799300000,818300000,799300000,811600000,28,2249340,280,811600000,0,842400000,747100000,0,0,811400000 0 0 0 0 ,2 0 0 0 0 ,802700000 0 0 0 0 ,10 0 0 0 0 
20160922,122122343,122122343,112931000,ni02.SHF,ni02,20160922,20160922,0( ),474,790400000,790400000,809300000,809300000,809300000,809300000,8,647440,466,809300000,0,837800000,742900000,0,0,821500000 0 0 0 0 ,8 0 0 0 0 ,806100000 0 0 0 0 ,8 0 0 0 0 
20160922,122122343,122122343,112945000,ni03.SHF,ni03,20160922,20160922,0( ),496404,805100000,805300000,808500000,825600000,805200000,819000000,530246,43186251660,499372,819000000,0,853600000,756900000,0,0,819300000 0 0 0 0 ,40 0 0 0 0 ,819200000 0 0 0 0 ,1 0 0 0 0 
20160922,122122344,122122344,112702500,ni04.SHF,ni04,20160922,20160922,0( ),60,805800000,792700000,811000000,826300000,811000000,826300000,106,8660020,154,826300000,0,840200000,745100000,0,0,823900000 0 0 0 0 ,3 0 0 0 0 ,821400000 0 0 0 0 ,5 0 0 0 0 
20160922,122122344,122122344,112931000,ni1610.SHF,ni1610,20160922,20160922,0( ),482,792400000,793400000,798400000,811100000,757500000,811100000,84,6707820,436,811100000,0,841000000,745700000,0,0,811900000 0 0 0 0 ,2 0 0 0 0 ,806500000 0 0 0 0 ,1 0 0 0 0 
20160922,122122344,122122344,112915000,ni1611.SHF,ni1611,20160922,20160922,0( ),292,795400000,794800000,799300000,818300000,799300000,811600000,28,2249340,280,811600000,0,842400000,747100000,0,0,811400000 0 0 0 0 ,2 0 0 0 0 ,802700000 0 0 0 0 ,10 0 0 0 0 
20160922,122122344,122122344,112931000,ni1612.SHF,ni1612,20160922,20160922,0( ),474,790400000,790400000,809300000,809300000,809300000,809300000,8,647440,466,809300000,0,837800000,742900000,0,0,821500000 0 0 0 0 ,8 0 0 0 0 ,806100000 0 0 0 0 ,8 0 0 0 0 
20160922,122122344,122122344,112945000,ni1701.SHF,ni1701,20160922,20160922,0( ),496404,805100000,805300000,808500000,825600000,805200000,819000000,530246,43186251660,499372,819000000,0,853600000,756900000,0,0,819300000 0 0 0 0 ,40 0 0 0 0 ,819200000 0 0 0 0 ,1 0 0 0 0 
20160922,122122344,122122344,112702500,ni1702.SHF,ni1702,20160922,20160922,0( ),60,805800000,792700000,811000000,826300000,811000000,826300000,106,8660020,154,826300000,0,840200000,745100000,0,0,823900000 0 0 0 0 ,3 0 0 0 0 ,821400000 0 0 0 0 ,5 0 0 0 0 
20160922,122122344,122122344,112933500,ni1703.SHF,ni1703,20160922,20160922,0( ),64,809100000,809100000,819800000,819800000,819800000,819800000,2,163960,62,819800000,0,857600000,760500000,0,0,829200000 0 0 0 0 ,4 0 0 0 0 ,822000000 0 0 0 0 ,4 0 0 0 0 
20160922,122122344,122122344,112943500,ni1704.SHF,ni1704,20160922,20160922,0( ),36,813200000,813200000,820900000,820900000,820900000,820900000,4,328360,32,820900000,0,861900000,764400000,0,0,831400000 0 0 0 0 ,4 0 0 0 0 ,825100000 0 0 0 0 ,4 0 0 0 0 
20160922,122122344,122122344,112945000,ni1705.SHF,ni1705,20160922,20160922,0( ),27372,818900000,818300000,823000000,838800000,816000000,832700000,7550,624859580,27678,832700000,0,867300000,769200000,0,0,833200000 0 0 0 0 ,10 0 0 0 0 ,832700000 0 0 0 0 ,1 0 0 0 0 
20160922,122122344,122122344,112914000,ni1706.SHF,ni1706,20160922,20160922,0( ),46,815400000,815400000,840200000,840200000,832700000,833800000,12,1002840,48,833800000,0,864300000,766400000,0,0,840400000 0 0 0 0 ,7 0 0 0 0 ,834000000 0 0 0 0 ,1 0 0 0 0 
20160922,122122344,122122344,112910000,ni1707.SHF,ni1707,20160922,20160922,0( ),6,822800000,822800000,836200000,836300000,819000000,819000000,112,9269680,6,819000000,0,872100000,773400000,0,0,841300000 0 0 0 0 ,8 0 0 0 0 ,835000000 0 0 0 0 ,6 0 0 0 0 
20160922,122122344,122122344,112943500,ni1708.SHF,ni1708,20160922,20160922,0( ),8,813900000,813900000,0,0,0,813900000,0,0,8,813900000,0,862700000,765000000,0,0,847400000 0 0 0 0 ,6 0 0 0 0 ,834900000 0 0 0 0 ,6 0 0 0 0 
20160922,122122344,122122344,112754000,ni1709.SHF,ni1709,20160922,20160922,0( ),8,828100000,828100000,831200000,850700000,831200000,842700000,44,3710460,34,842700000,0,877700000,778400000,0,0,846600000 0 0 0 0 ,1 0 0 0 0 ,843500000 0 0 0 0 ,2 0 0 0 0 
20160922,122122344,122122344,112937500,pb.SHF,pb,20160922,20160922,0( ),21460,146200000,146300000,145800000,146100000,143950000,145750000,9484,688674350,21116,145750000,0,152150000,140400000,0,0,145750000 0 0 0 0 ,5 0 0 0 0 ,145700000 0 0 0 0 ,2 0 0 0 0 
20160922,122122344,122122344,112942500,pb00.SHF,pb00,20160922,20160922,0( ),12442,145500000,145750000,145450000,145500000,143200000,145350000,2328,168696700,12060,145350000,0,151550000,139900000,0,0,145450000 0 0 0 0 ,4 0 0 0 0 ,145300000 0 0 0 0 ,13 0 0 0 0 
20160922,122122344,122122344,112937500,pb01.SHF,pb01,20160922,20160922,0( ),21460,146200000,146300000,145800000,146100000,143950000,145750000,9484,688674350,21116,145750000,0,152150000,140400000,0,0,145750000 0 0 0 0 ,5 0 0 0 0 ,145700000 0 0 0 0 ,2 0 0 0 0 
20160922,122122344,122122344,112945000,pb02.SHF,pb02,20160922,20160922,0( ),2270,146100000,146150000,145700000,146200000,144300000,145900000,784,56954450,2572,145900000,0,151950000,140300000,0,0,145850000 0 0 0 0 ,1 0 0 0 0 ,145650000 0 0 0 0 ,28 0 0 0 0 
20160922,122122344,122122344,112823000,pb03.SHF,pb03,20160922,20160922,0( ),360,146750000,146700000,145750000,146000000,144600000,145900000,110,7991850,378,145900000,0,152550000,140800000,0,0,146100000 0 0 0 0 ,3 0 0 0 0 ,145850000 0 0 0 0 ,1 0 0 0 0 
20160922,122122344,122122344,112932500,pb04.SHF,pb04,20160922,20160922,0( ),84,147400000,146750000,145600000,146100000,144550000,145700000,102,7409900,126,145700000,0,152600000,140850000,0,0,147550000 0 0 0 0 ,3 0 0 0 0 ,145950000 0 0 0 0 ,1 0 0 0 0 
20160922,122122344,122122344,112942500,pb1610.SHF,pb1610,20160922,20160922,0( ),12442,145500000,145750000,145450000,145500000,143200000,145350000,2328,168696700,12060,145350000,0,151550000,139900000,0,0,145450000 0 0 0 0 ,4 0 0 0 0 ,145300000 0 0 0 0 ,13 0 0 0 0 
20160922,122122344,122122344,112937500,pb1611.SHF,pb1611,20160922,20160922,0( ),21460,146200000,146300000,145800000,146100000,143950000,145750000,9484,688674350,21116,145750000,0,152150000,140400000,0,0,145750000 0 0 0 0 ,5 0 0 0 0 ,145700000 0 0 0 0 ,2 0 0 0 0 
20160922,122122344,122122344,112945000,pb1612.SHF,pb1612,20160922,20160922,0( ),2270,146100000,146150000,145700000,146200000,144300000,145900000,784,56954450,2572,145900000,0,151950000,140300000,0,0,145850000 0 0 0 0 ,1 0 0 0 0 ,145650000 0 0 0 0 ,28 0 0 0 0 
20160922,122122344,122122344,112823000,pb1701.SHF,pb1701,20160922,20160922,0( ),360,146750000,146700000,145750000,146000000,144600000,145900000,110,7991850,378,145900000,0,152550000,140800000,0,0,146100000 0 0 0 0 ,3 0 0 0 0 ,145850000 0 0 0 0 ,1 0 0 0 0 
20160922,122122344,122122344,112932500,pb1702.SHF,pb1702,20160922,20160922,0( ),84,147400000,146750000,145600000,146100000,144550000,145700000,102,7409900,126,145700000,0,152600000,140850000,0,0,147550000 0 0 0 0 ,3 0 0 0 0 ,145950000 0 0 0 0 ,1 0 0 0 0 
20160922,122122344,122122344,112924500,pb1703.SHF,pb1703,20160922,20160922,0( ),66,147000000,147000000,146400000,146800000,145350000,145350000,48,3504600,70,145350000,0,152850000,141100000,0,0,146750000 0 0 0 0 ,1 0 0 0 0 ,145700000 0 0 0 0 ,3 0 0 0 0 
20160922,122122344,122122344,112929500,pb1704.SHF,pb1704,20160922,20160922,0( ),136,143200000,143200000,146350000,146350000,144900000,144900000,26,1900550,118,144900000,0,148900000,137450000,0,0,146900000 0 0 0 0 ,1 0 0 0 0 ,145700000 0 0 0 0 ,3 0 0 0 0 
20160922,122122344,122122344,112910000,pb1705.SHF,pb1705,20160922,20160922,0( ),50,147000000,147000000,0,0,0,147000000,0,0,50,147000000,0,152850000,141100000,0,0,147250000 0 0 0 0 ,2 0 0 0 0 ,146400000 0 0 0 0 ,1 0 0 0 0 
20160922,122122344,122122344,112910000,pb1706.SHF,pb1706,20160922,20160922,0( ),40,145700000,145700000,146150000,146150000,145850000,145850000,8,583700,36,145850000,0,151500000,139850000,0,0,147400000 0 0 0 0 ,2 0 0 0 0 ,146450000 0 0 0 0 ,1 0 0 0 0 
20160922,122122344,122122344,112932000,pb1707.SHF,pb1707,20160922,20160922,0( ),28,146000000,146000000,145950000,148700000,145950000,148700000,8,589300,28,148700000,0,151800000,140150000,0,0,148500000 0 0 0 0 ,1 0 0 0 0 ,146600000 0 0 0 0 ,2 0 0 0 0 
20160922,122122344,122122344,112937500,pb1708.SHF,pb1708,20160922,20160922,0( ),22,145350000,145350000,0,0,0,145350000,0,0,22,145350000,0,151150000,139500000,0,0,147500000 0 0 0 0 ,1 0 0 0 0 ,145200000 0 0 0 0 ,8 0 0 0 0 
20160922,122122344,122122344,112726500,pb1709.SHF,pb1709,20160922,20160922,0( ),0,147100000,147100000,0,0,0,147100000,0,0,0,147100000,0,158850000,135300000,0,0,149600000 0 0 0 0 ,2 0 0 0 0 ,146750000 0 0 0 0 ,2 0 0 0 0 
20160922,122122344,122122344,112945000,rb.SHF,rb,20160922,20160922,0( ),3355942,22570000,22590000,22540000,23300000,22530000,23080000,5733230,131407271400,3224296,23080000,0,23940000,21230000,0,0,23080000 0 0 0 0 ,1376 0 0 0 0 ,23070000 0 0 0 0 ,1056 0 0 0 0 
20160922,122122344,122122344,112944000,rb00.SHF,rb00,20160922,20160922,0( ),118620,22540000,22490000,22550000,23080000,22260000,22950000,57760,1314628640,106752,22950000,0,23830000,21140000,0,0,22950000 0 0 0 0 ,56 0 0 0 0 ,22930000 0 0 0 0 ,12 0 0 0 0 
20160922,122122344,122122344,112933000,rb01.SHF,rb01,20160922,20160922,0( ),4974,22150000,22100000,22240000,22700000,22240000,22500000,422,9481520,4954,22500000,0,23420000,20770000,0,0,22630000 0 0 0 0 ,2 0 0 0 0 ,22480000 0 0 0 0 ,1 0 0 0 0 
20160922,122122344,122122344,112933000,rb02.SHF,rb02,20160922,20160922,0( ),4412,22580000,22570000,22700000,23150000,22700000,23120000,134,3068180,4448,23120000,0,23920000,21210000,0,0,23100000 0 0 0 0 ,5 0 0 0 0 ,22990000 0 0 0 0 ,1 0 0 0 0 
20160922,122122344,122122344,112945000,rb03.SHF,rb03,20160922,20160922,0( ),3355942,22570000,22590000,22540000,23300000,22530000,23080000,5733230,131407271400,3224296,23080000,0,23940000,21230000,0,0,23080000 0 0 0 0 ,1376 0 0 0 0 ,23070000 0 0 0 0 ,1056 0 0 0 0 
20160922,122122344,122122344,112945000,rb04.SHF,rb04,20160922,20160922,0( ),9376,22310000,22350000,22350000,23080000,22310000,22910000,2364,53836220,9440,22910000,0,23690000,21000000,0,0,22910000 0 0 0 0 ,2 0 0 0 0 ,22870000 0 0 0 0 ,201 0 0 0 0 
20160922,122122344,122122344,112944000,rb1610.SHF,rb1610,20160922,20160922,0( ),118620,22540000,22490000,22550000,23080000,22260000,22950000,57760,1314628640,106752,22950000,0,23830000,21140000,0,0,22950000 0 0 0 0 ,56 0 0 0 0 ,22930000 0 0 0 0 ,12 0 0 0 0 
20160922,122122344,122122344,112933000,rb1611.SHF,rb1611,20160922,20160922,0( ),4974,22150000,22100000,22240000,22700000,22240000,22500000,422,9481520,4954,22500000,0,23420000,20770000,0,0,22630000 0 0 0 0 ,2 0 0 0 0 ,22480000 0 0 0 0 ,1 0 0 0 0 
20160922,122122344,122122344,112933000,rb1612.SHF,rb1612,20160922,20160922,0( ),4412,22580000,22570000,22700000,23150000,22700000,23120000,134,3068180,4448,23120000,0,23920000,21210000,0,0,23100000 0 0 0 0 ,5 0 0 0 0 ,22990000 0 0 0 0 ,1 0 0 0 0 
20160922,122122344,122122344,112945000,rb1701.SHF,rb1701,20160922,20160922,0( ),3355942,22570000,22590000,22540000,23300000,22530000,23080000,5733230,131407271400,3224296,23080000,0,23940000,21230000,0,0,23080000 0 0 0 0 ,1376 0 0 0 0 ,23070000 0 0 0 0 ,1056 0 0 0 0 
20160922,122122344,122122344,112945000,rb1702.SHF,rb1702,20160922,20160922,0( ),9376,22310000,22350000,22350000,23080000,22310000,22910000,2364,53836220,9440,22910000,0,23690000,21000000,0,0,22910000 0 0 0 0 ,2 0 0 0 0 ,22870000 0 0 0 0 ,201 0 0 0 0 
20160922,122122344,122122344,112932000,rb1703.SHF,rb1703,20160922,20160922,0( ),4678,22410000,22360000,22500000,23150000,22500000,22990000,532,12185240,4670,22990000,0,23700000,21010000,0,0,23070000 0 0 0 0 ,2 0 0 0 0 ,22910000 0 0 0 0 ,1 0 0 0 0 
20160922,122122344,122122344,112941000,rb1704.SHF,rb1704,20160922,20160922,0( ),1052,22860000,22700000,22960000,23510000,22960000,23330000,168,3922200,1060,23330000,0,24060000,21330000,0,0,23510000 0 0 0 0 ,2 0 0 0 0 ,23250000 0 0 0 0 ,2 0 0 0 0 
20160922,122122344,122122344,112945000,rb1705.SHF,rb1705,20160922,20160922,0( ),501342,22750000,22760000,22710000,23610000,22700000,23420000,271338,6302365660,517082,23420000,0,24120000,21390000,0,0,23420000 0 0 0 0 ,10 0 0 0 0 ,23410000 0 0 0 0 ,1 0 0 0 0 
20160922,122122344,122122344,112942000,rb1706.SHF,rb1706,20160922,20160922,0( ),1982,22650000,22680000,22710000,23490000,22710000,23320000,88,2035080,1968,23320000,0,24040000,21310000,0,0,23300000 0 0 0 0 ,1 0 0 0 0 ,23200000 0 0 0 0 ,2 0 0 0 0 
20160922,122122344,122122344,112932000,rb1707.SHF,rb1707,20160922,20160922,0( ),1010,22740000,22770000,22790000,23510000,22790000,23420000,230,5347600,1090,23420000,0,24130000,21400000,0,0,23410000 0 0 0 0 ,1 0 0 0 0 ,23310000 0 0 0 0 ,2 0 0 0 0 
20160922,122122344,122122344,112945000,rb1708.SHF,rb1708,20160922,20160922,0( ),288,23000000,22880000,23000000,23710000,23000000,23710000,42,989240,256,23710000,0,24250000,21500000,0,0,23840000 0 0 0 0 ,2 0 0 0 0 ,23510000 0 0 0 0 ,1 0 0 0 0 
20160922,122122344,122122344,112932000,rb1709.SHF,rb1709,20160922,20160922,0( ),78,22900000,22940000,23010000,23800000,23010000,23670000,64,1491300,100,23670000,0,24310000,21560000,0,0,23640000 0 0 0 0 ,1 0 0 0 0 ,23560000 0 0 0 0 ,1 0 0 0 0 
20160922,122122344,122122344,112945000,ru.SHF,ru,20160922,20160922,0( ),283812,132250000,131950000,132400000,136800000,131500000,135800000,638662,85769879400,311180,135800000,0,139850000,124000000,0,0,135800000 0 0 0 0 ,93 0 0 0 0 ,135750000 0 0 0 0 ,160 0 0 0 0 
20160922,122122344,122122344,112944500,ru00.SHF,ru00,20160922,20160922,0( ),562,109400000,109000000,109100000,113450000,109100000,112850000,96,10655400,566,112850000,0,115500000,102450000,0,0,113450000 0 0 0 0 ,1 0 0 0 0 ,112850000 0 0 0 0 ,2 0 0 0 0 
20160922,122122344,122122344,112942500,ru01.SHF,ru01,20160922,20160922,0( ),30270,110850000,110500000,110500000,115550000,110350000,114750000,7934,898468700,30440,114750000,0,117100000,103850000,0,0,114750000 0 0 0 0 ,4 0 0 0 0 ,114700000 0 0 0 0 ,3 0 0 0 0 
20160922,122122344,122122344,112945000,ru02.SHF,ru02,20160922,20160922,0( ),283812,132250000,131950000,132400000,136800000,131500000,135800000,638662,85769879400,311180,135800000,0,139850000,124000000,0,0,135800000 0 0 0 0 ,93 0 0 0 0 ,135750000 0 0 0 0 ,160 0 0 0 0 
20160922,122122344,122122344,112945000,ru03.SHF,ru03,20160922,20160922,0( ),594,132700000,132700000,133200000,137000000,132750000,136500000,70,9434600,610,136500000,0,140650000,124700000,0,0,136800000 0 0 0 0 ,1 0 0 0 0 ,135300000 0 0 0 0 ,2 0 0 0 0 
20160922,122122344,122122344,112934000,ru04.SHF,ru04,20160922,20160922,0( ),238,132900000,132850000,133350000,137100000,133350000,137100000,6,808900,238,137100000,0,140800000,124850000,0,0,137050000 0 0 0 0 ,1 0 0 0 0 ,136150000 0 0 0 0 ,2 0 0 0 0 
20160922,122122344,122122344,112944500,ru1610.SHF,ru1610,20160922,20160922,0( ),562,109400000,109000000,109100000,113450000,109100000,112850000,96,10655400,566,112850000,0,115500000,102450000,0,0,113450000 0 0 0 0 ,1 0 0 0 0 ,112850000 0 0 0 0 ,2 0 0 0 0 
20160922,122122344,122122344,112942500,ru1611.SHF,ru1611,20160922,20160922,0( ),30270,110850000,110500000,110500000,115550000,110350000,114750000,7934,898468700,30440,114750000,0,117100000,103850000,0,0,114750000 0 0 0 0 ,4 0 0 0 0 ,114700000 0 0 0 0 ,3 0 0 0 0 
20160922,122122344,122122344,112945000,ru1701.SHF,ru1701,20160922,20160922,0( ),283812,132250000,131950000,132400000,136800000,131500000,135800000,638662,85769879400,311180,135800000,0,139850000,124000000,0,0,135800000 0 0 0 0 ,93 0 0 0 0 ,135750000 0 0 0 0 ,160 0 0 0 0 
20160922,122122344,122122344,112945000,ru1703.SHF,ru1703,20160922,20160922,0( ),594,132700000,132700000,133200000,137000000,132750000,136500000,70,9434600,610,136500000,0,140650000,124700000,0,0,136800000 0 0 0 0 ,1 0 0 0 0 ,135300000 0 0 0 0 ,2 0 0 0 0 
20160922,122122344,122122344,112934000,ru1704.SHF,ru1704,20160922,20160922,0( ),238,132900000,132850000,133350000,137100000,133350000,137100000,6,808900,238,137100000,0,140800000,124850000,0,0,137050000 0 0 0 0 ,1 0 0 0 0 ,136150000 0 0 0 0 ,2 0 0 0 0 
20160922,122122344,122122344,112945000,ru1705.SHF,ru1705,20160922,20160922,0( ),59986,133700000,133400000,133700000,138500000,133200000,137600000,65056,8848293900,62172,137600000,0,141400000,125350000,0,0,137650000 0 0 0 0 ,3 0 0 0 0 ,137600000 0 0 0 0 ,7 0 0 0 0 
20160922,122122344,122122344,112854500,ru1706.SHF,ru1706,20160922,20160922,0( ),204,133650000,133400000,134100000,138400000,134100000,138400000,8,1086400,206,138400000,0,141400000,125350000,0,0,137950000 0 0 0 0 ,2 0 0 0 0 ,137100000 0 0 0 0 ,2 0 0 0 0 
20160922,122122344,122122344,112854500,ru1707.SHF,ru1707,20160922,20160922,0( ),44,134050000,134000000,135300000,136650000,135300000,136650000,6,816000,44,136650000,0,142000000,125950000,0,0,138550000 0 0 0 0 ,2 0 0 0 0 ,137200000 0 0 0 0 ,2 0 0 0 0 
20160922,122122344,122122344,112931000,ru1708.SHF,ru1708,20160922,20160922,0( ),34,133200000,133750000,134850000,136150000,134850000,136150000,6,813200,36,136150000,0,141750000,125700000,0,0,139100000 0 0 0 0 ,5 0 0 0 0 ,137800000 0 0 0 0 ,1 0 0 0 0 
20160922,122122344,122122344,112938500,ru1709.SHF,ru1709,20160922,20160922,0( ),2826,134200000,133850000,134350000,139400000,133900000,138650000,3062,421085100,4628,138650000,0,141850000,125800000,0,0,138650000 0 0 0 0 ,3 0 0 0 0 ,138600000 0 0 0 0 ,1 0 0 0 0 
20160922,122122344,122122344,112944500,sn.SHF,sn,20160922,20160922,0( ),11156,1243800000,1244900000,1236700000,1267800000,1233000000,1261600000,15408,1927716380,10944,1261600000,0,1307100000,1182600000,0,0,1261600000 0 0 0 0 ,1 0 0 0 0 ,1260700000 0 0 0 0 ,1 0 0 0 0 
20160922,122122344,122122344,112930500,sn00.SHF,sn00,20160922,20160922,0( ),4,1220100000,1220100000,0,0,0,1220100000,0,0,4,1220100000,0,1281100000,1159000000,0,0,1270000000 0 0 0 0 ,1 0 0 0 0 ,1230000000 0 0 0 0 ,1 0 0 0 0 
20160922,122122344,122122344,112943500,sn01.SHF,sn01,20160922,20160922,0( ),4,1191100000,1191100000,0,0,0,1191100000,0,0,0,1191100000,0,1250600000,1131500000,0,0,0 0 0 0 0 ,0 0 0 0 0 ,0 0 0 0 0 ,0 0 0 0 0 
20160922,122122344,122122344,103017000,sn02.SHF,sn02,20160922,20160922,0( ),2,1165200000,1165200000,0,0,0,1165200000,0,0,2,1165200000,0,1223400000,1106900000,0,0,0 0 0 0 0 ,0 0 0 0 0 ,1223400000 0 0 0 0 ,1 0 0 0 0 
20160922,122122344,122122344,112944500,sn03.SHF,sn03,20160922,20160922,0( ),11156,1243800000,1244900000,1236700000,1267800000,1233000000,1261600000,15408,1927716380,10944,1261600000,0,1307100000,1182600000,0,0,1261600000 0 0 0 0 ,1 0 0 0 0 ,1260700000 0 0 0 0 ,1 0 0 0 0 
20160922,122122344,122122344,112550000,sn04.SHF,sn04,20160922,20160922,0( ),10814,1246000000,1246000000,0,0,0,1246000000,0,0,0,1246000000,0,1308300000,1183700000,0,0,1284700000 0 0 0 0 ,4 0 0 0 0 ,1242600000 0 0 0 0 ,4 0 0 0 0 
20160922,122122344,122122344,112930500,sn1610.SHF,sn1610,20160922,20160922,0( ),4,1220100000,1220100000,0,0,0,1220100000,0,0,4,1220100000,0,1281100000,1159000000,0,0,1270000000 0 0 0 0 ,1 0 0 0 0 ,1230000000 0 0 0 0 ,1 0 0 0 0 
20160922,122122344,122122344,112943500,sn1611.SHF,sn1611,20160922,20160922,0( ),0,1191100000,1191100000,0,0,0,1191100000,0,0,0,1191100000,0,1250600000,1131500000,0,0,0 0 0 0 0 ,0 0 0 0 0 ,0 0 0 0 0 ,0 0 0 0 0 
20160922,122122344,122122344,103017000,sn1612.SHF,sn1612,20160922,20160922,0( ),2,1165200000,1165200000,0,0,0,1165200000,0,0,2,1165200000,0,1223400000,1106900000,0,0,0 0 0 0 0 ,0 0 0 0 0 ,1223400000 0 0 0 0 ,1 0 0 0 0 
20160922,122122344,122122344,112944500,sn1701.SHF,sn1701,20160922,20160922,0( ),11156,1243800000,1244900000,1236700000,1267800000,1233000000,1261600000,15408,1927716380,10944,1261600000,0,1307100000,1182600000,0,0,1261600000 0 0 0 0 ,1 0 0 0 0 ,1260700000 0 0 0 0 ,1 0 0 0 0 
20160922,122122344,122122344,112550000,sn1702.SHF,sn1702,20160922,20160922,0( ),0,1246000000,1246000000,0,0,0,1246000000,0,0,0,1246000000,0,1308300000,1183700000,0,0,1284700000 0 0 0 0 ,4 0 0 0 0 ,1242600000 0 0 0 0 ,4 0 0 0 0 
20160922,122122344,122122344,112025500,sn1703.SHF,sn1703,20160922,20160922,0( ),0,1177100000,1177100000,0,0,0,1177100000,0,0,0,1177100000,0,1235900000,1118200000,0,0,0 0 0 0 0 ,0 0 0 0 0 ,1235900000 0 0 0 0 ,5 0 0 0 0 
20160922,122122344,122122344,112931500,sn1704.SHF,sn1704,20160922,20160922,0( ),0,1181700000,1181700000,0,0,0,1181700000,0,0,0,1181700000,0,1299800000,1063500000,0,0,1288400000 0 0 0 0 ,4 0 0 0 0 ,1242800000 0 0 0 0 ,4 0 0 0 0 
20160922,122122344,122122344,112931000,sn1705.SHF,sn1705,20160922,20160922,0( ),112,1251500000,1257300000,1222400000,1266900000,1222400000,1266900000,20,2505960,112,1266900000,0,1320100000,1194400000,0,0,1269200000 0 0 0 0 ,1 0 0 0 0 ,1259000000 0 0 0 0 ,2 0 0 0 0 
20160922,122122344,122122344,112931500,sn1706.SHF,sn1706,20160922,20160922,0( ),2,1261500000,1261500000,0,0,0,1261500000,0,0,2,1261500000,0,1324500000,1198400000,0,0,1295600000 0 0 0 0 ,4 0 0 0 0 ,1243900000 0 0 0 0 ,4 0 0 0 0 
20160922,122122344,122122344,112557500,sn1707.SHF,sn1707,20160922,20160922,0( ),0,1270900000,1270900000,0,0,0,1270900000,0,0,0,1270900000,0,1397900000,1143800000,0,0,1298400000 0 0 0 0 ,4 0 0 0 0 ,1237300000 0 0 0 0 ,4 0 0 0 0 
20160922,122122344,122122344,112943500,sn1708.SHF,sn1708,20160922,20160922,0( ),0,1270900000,1270900000,0,0,0,1270900000,0,0,0,1270900000,0,1397900000,1143800000,0,0,0 0 0 0 0 ,0 0 0 0 0 ,1251000000 0 0 0 0 ,4 0 0 0 0 
20160922,122122344,122122344,112753000,sn1709.SHF,sn1709,20160922,20160922,0( ),0,1272900000,1272900000,0,0,0,1272900000,0,0,0,1272900000,0,1400100000,1145600000,0,0,1298500000 0 0 0 0 ,2 0 0 0 0 ,1263200000 0 0 0 0 ,2 0 0 0 0 
20160922,122122344,122122344,90011000,wr.SHF,wr,20160922,20160922,0( ),2,24270000,24270000,0,0,0,24270000,0,0,0,24270000,0,26690000,21840000,0,0,0 0 0 0 0 ,0 0 0 0 0 ,0 0 0 0 0 ,0 0 0 0 0 
20160922,122122344,122122344,73409500,wr00.SHF,wr00,20160922,20160922,0( ),2,24310000,24310000,0,0,0,24310000,0,0,0,24310000,0,25520000,23090000,0,0,0 0 0 0 0 ,0 0 0 0 0 ,0 0 0 0 0 ,0 0 0 0 0 
20160922,122122344,122122344,73409500,wr01.SHF,wr01,20160922,20160922,0( ),2,21450000,21450000,0,0,0,21450000,0,0,0,21450000,0,23590000,19300000,0,0,0 0 0 0 0 ,0 0 0 0 0 ,0 0 0 0 0 ,0 0 0 0 0 
20160922,122122344,122122344,73409500,wr02.SHF,wr02,20160922,20160922,0( ),0,21450000,21450000,0,0,0,21450000,0,0,0,21450000,0,23590000,19300000,0,0,0 0 0 0 0 ,0 0 0 0 0 ,0 0 0 0 0 ,0 0 0 0 0 
20160922,122122344,122122344,73409500,wr03.SHF,wr03,20160922,20160922,0( ),14,23640000,23640000,0,0,0,23640000,0,0,0,23640000,0,24820000,22450000,0,0,0 0 0 0 0 ,0 0 0 0 0 ,0 0 0 0 0 ,0 0 0 0 0 
20160922,122122344,122122344,111514000,wr04.SHF,wr04,20160922,20160922,0( ),4,23990000,23990000,0,0,0,23990000,0,0,4,23990000,0,25180000,22790000,0,0,0 0 0 0 0 ,0 0 0 0 0 ,0 0 0 0 0 ,0 0 0 0 0 
20160922,122122345,122122345,73409500,wr1610.SHF,wr1610,20160922,20160922,0( ),0,24310000,24310000,0,0,0,24310000,0,0,0,24310000,0,25520000,23090000,0,0,0 0 0 0 0 ,0 0 0 0 0 ,0 0 0 0 0 ,0 0 0 0 0 
20160922,122122345,122122345,73409500,wr1611.SHF,wr1611,20160922,20160922,0( ),0,21450000,21450000,0,0,0,21450000,0,0,0,21450000,0,23590000,19300000,0,0,0 0 0 0 0 ,0 0 0 0 0 ,0 0 0 0 0 ,0 0 0 0 0 
20160922,122122345,122122345,73409500,wr1612.SHF,wr1612,20160922,20160922,0( ),0,21450000,21450000,0,0,0,21450000,0,0,0,21450000,0,23590000,19300000,0,0,0 0 0 0 0 ,0 0 0 0 0 ,0 0 0 0 0 ,0 0 0 0 0 
20160922,122122345,122122345,73409500,wr1701.SHF,wr1701,20160922,20160922,0( ),0,23640000,23640000,0,0,0,23640000,0,0,0,23640000,0,24820000,22450000,0,0,0 0 0 0 0 ,0 0 0 0 0 ,0 0 0 0 0 ,0 0 0 0 0 
20160922,122122345,122122345,111514000,wr1702.SHF,wr1702,20160922,20160922,0( ),4,23990000,23990000,0,0,0,23990000,0,0,4,23990000,0,25180000,22790000,0,0,0 0 0 0 0 ,0 0 0 0 0 ,0 0 0 0 0 ,0 0 0 0 0 
20160922,122122345,122122345,73409500,wr1703.SHF,wr1703,20160922,20160922,0( ),0,24270000,24270000,0,0,0,24270000,0,0,0,24270000,0,25480000,23050000,0,0,0 0 0 0 0 ,0 0 0 0 0 ,0 0 0 0 0 ,0 0 0 0 0 
20160922,122122345,122122345,73409500,wr1704.SHF,wr1704,20160922,20160922,0( ),0,24270000,24270000,0,0,0,24270000,0,0,0,24270000,0,26690000,21840000,0,0,0 0 0 0 0 ,0 0 0 0 0 ,0 0 0 0 0 ,0 0 0 0 0 
20160922,122122345,122122345,90011000,wr1705.SHF,wr1705,20160922,20160922,0( ),0,24270000,24270000,0,0,0,24270000,0,0,0,24270000,0,26690000,21840000,0,0,0 0 0 0 0 ,0 0 0 0 0 ,0 0 0 0 0 ,0 0 0 0 0 
20160922,122122345,122122345,73409500,wr1706.SHF,wr1706,20160922,20160922,0( ),0,24270000,24270000,0,0,0,24270000,0,0,0,24270000,0,26690000,21840000,0,0,0 0 0 0 0 ,0 0 0 0 0 ,0 0 0 0 0 ,0 0 0 0 0 
20160922,122122345,122122345,73409500,wr1707.SHF,wr1707,20160922,20160922,0( ),0,24270000,24270000,0,0,0,24270000,0,0,0,24270000,0,26690000,21840000,0,0,0 0 0 0 0 ,0 0 0 0 0 ,0 0 0 0 0 ,0 0 0 0 0 
20160922,122122345,122122345,73409500,wr1708.SHF,wr1708,20160922,20160922,0( ),0,24270000,24270000,0,0,0,24270000,0,0,0,24270000,0,26690000,21840000,0,0,0 0 0 0 0 ,0 0 0 0 0 ,0 0 0 0 0 ,0 0 0 0 0 
20160922,122122345,122122345,73409500,wr1709.SHF,wr1709,20160922,20160922,0( ),0,24270000,24270000,0,0,0,24270000,0,0,0,24270000,0,26690000,21840000,0,0,0 0 0 0 0 ,0 0 0 0 0 ,0 0 0 0 0 ,0 0 0 0 0 
20160922,122122345,122122345,112945500,zn.SHF,zn,20160922,20160922,0( ),252536,179350000,180050000,179400000,180450000,177200000,179750000,312198,27924795050,241874,179750000,0,189050000,171000000,0,0,179750000 0 0 0 0 ,3 0 0 0 0 ,179700000 0 0 0 0 ,106 0 0 0 0 
20160922,122122345,122122345,112944500,zn00.SHF,zn00,20160922,20160922,0( ),68764,179550000,180200000,178800000,180700000,177400000,180000000,21018,1883519100,66838,180000000,0,189200000,171150000,0,0,180050000 0 0 0 0 ,7 0 0 0 0 ,179950000 0 0 0 0 ,3 0 0 0 0 
20160922,122122345,122122345,112945500,zn01.SHF,zn01,20160922,20160922,0( ),252536,179350000,180050000,179400000,180450000,177200000,179750000,312198,27924795050,241874,179750000,0,189050000,171000000,0,0,179750000 0 0 0 0 ,3 0 0 0 0 ,179700000 0 0 0 0 ,106 0 0 0 0 
20160922,122122345,122122345,112945000,zn02.SHF,zn02,20160922,20160922,0( ),133642,179050000,179750000,179100000,180200000,177000000,179500000,109946,9823901200,139850,179500000,0,188700000,170750000,0,0,179550000 0 0 0 0 ,35 0 0 0 0 ,179500000 0 0 0 0 ,64 0 0 0 0 
20160922,122122345,122122345,112944500,zn03.SHF,zn03,20160922,20160922,0( ),59582,178900000,179550000,179400000,180100000,176900000,179500000,31306,2795203400,61836,179500000,0,188500000,170550000,0,0,179500000 0 0 0 0 ,41 0 0 0 0 ,179450000 0 0 0 0 ,7 0 0 0 0 
20160922,122122345,122122345,112945000,zn04.SHF,zn04,20160922,20160922,0( ),6852,178850000,179450000,178900000,180000000,177000000,179300000,2124,190386800,7796,179300000,0,188400000,170450000,0,0,179600000 0 0 0 0 ,4 0 0 0 0 ,179050000 0 0 0 0 ,10 0 0 0 0 
20160922,122122345,122122345,112944500,zn1610.SHF,zn1610,20160922,20160922,0( ),68764,179550000,180200000,178800000,180700000,177400000,180000000,21018,1883519100,66838,180000000,0,189200000,171150000,0,0,180050000 0 0 0 0 ,7 0 0 0 0 ,179950000 0 0 0 0 ,3 0 0 0 0 
20160922,122122345,122122345,112945500,zn1611.SHF,zn1611,20160922,20160922,0( ),252536,179350000,180050000,179400000,180450000,177200000,179750000,312198,27924795050,241874,179750000,0,189050000,171000000,0,0,179750000 0 0 0 0 ,3 0 0 0 0 ,179700000 0 0 0 0 ,106 0 0 0 0 
20160922,122122345,122122345,112945000,zn1612.SHF,zn1612,20160922,20160922,0( ),133642,179050000,179750000,179100000,180200000,177000000,179500000,109946,9823901200,139850,179500000,0,188700000,170750000,0,0,179550000 0 0 0 0 ,35 0 0 0 0 ,179500000 0 0 0 0 ,64 0 0 0 0 
20160922,122122345,122122345,112944500,zn1701.SHF,zn1701,20160922,20160922,0( ),59582,178900000,179550000,179400000,180100000,176900000,179500000,31306,2795203400,61836,179500000,0,188500000,170550000,0,0,179500000 0 0 0 0 ,41 0 0 0 0 ,179450000 0 0 0 0 ,7 0 0 0 0 
20160922,122122345,122122345,112945000,zn1702.SHF,zn1702,20160922,20160922,0( ),6852,178850000,179450000,178900000,180000000,177000000,179300000,2124,190386800,7796,179300000,0,188400000,170450000,0,0,179600000 0 0 0 0 ,4 0 0 0 0 ,179050000 0 0 0 0 ,10 0 0 0 0 
20160922,122122345,122122345,112944500,zn1703.SHF,zn1703,20160922,20160922,0( ),788,179500000,179450000,178900000,179950000,176900000,179300000,1114,99298450,1246,179300000,0,188400000,170450000,0,0,180200000 0 0 0 0 ,4 0 0 0 0 ,178950000 0 0 0 0 ,3 0 0 0 0 
20160922,122122345,122122345,112945000,zn1704.SHF,zn1704,20160922,20160922,0( ),532,178850000,179550000,178200000,179500000,176700000,179500000,138,12260000,464,179500000,0,188500000,170550000,0,0,181250000 0 0 0 0 ,20 0 0 0 0 ,177900000 0 0 0 0 ,14 0 0 0 0 
20160922,122122345,122122345,112934000,zn1705.SHF,zn1705,20160922,20160922,0( ),420,178300000,179150000,179500000,179950000,176900000,179400000,148,13288400,398,179400000,0,188100000,170150000,0,0,179950000 0 0 0 0 ,4 0 0 0 0 ,178750000 0 0 0 0 ,4 0 0 0 0 
20160922,122122345,122122345,112945000,zn1706.SHF,zn1706,20160922,20160922,0( ),1056,178600000,179050000,177800000,179300000,176400000,179050000,116,10291500,998,179050000,0,188000000,170050000,0,0,179450000 0 0 0 0 ,4 0 0 0 0 ,177700000 0 0 0 0 ,5 0 0 0 0 
20160922,122122345,122122345,112943000,zn1707.SHF,zn1707,20160922,20160922,0( ),726,178400000,178900000,177350000,178850000,176150000,178550000,96,8521150,722,178550000,0,187800000,169950000,0,0,178900000 0 0 0 0 ,5 0 0 0 0 ,177000000 0 0 0 0 ,14 0 0 0 0 
20160922,122122345,122122345,112943000,zn1708.SHF,zn1708,20160922,20160922,0( ),268,178500000,178200000,176900000,177850000,175500000,177750000,128,11279000,260,177750000,0,187100000,169250000,0,0,179300000 0 0 0 0 ,2 0 0 0 0 ,176550000 0 0 0 0 ,14 0 0 0 0 
20160922,122122345,122122345,112945000,zn1709.SHF,zn1709,20160922,20160922,0( ),14,177950000,178050000,175800000,175800000,175800000,175800000,2,175800,16,175800000,0,186950000,169100000,0,0,179850000 0 0 0 0 ,2 0 0 0 0 ,176550000 0 0 0 0 ,1 0 0 0 0 
20160922,122122472,122122472,112945500,zn1612.SHF,zn1612,20160922,20160922,0( ),133642,179050000,179750000,179100000,180200000,177000000,179550000,109958,9824978500,139838,179550000,0,188700000,170750000,0,0,179550000 0 0 0 0 ,29 0 0 0 0 ,179500000 0 0 0 0 ,64 0 0 0 0 
20160922,122122472,122122472,112945500,zn02.SHF,zn02,20160922,20160922,0( ),133642,179050000,179750000,179100000,180200000,177000000,179550000,109958,9824978500,139838,179550000,0,188700000,170750000,0,0,179550000 0 0 0 0 ,29 0 0 0 0 ,179500000 0 0 0 0 ,64 0 0 0 0 
20160922,122122472,122122472,112945500,zn1704.SHF,zn1704,20160922,20160922,0( ),532,178850000,179550000,178200000,179500000,176700000,179500000,138,12260000,464,179500000,0,188500000,170550000,0,0,181200000 0 0 0 0 ,4 0 0 0 0 ,177900000 0 0 0 0 ,14 0 0 0 0 
20160922,122122472,122122472,112945500,ag1612.SHF,ag1612,20160922,20160922,0( ),643102,43450000,43080000,44000000,44300000,43520000,44060000,825904,54487266210,637464,44060000,0,45660000,40490000,0,0,44080000 0 0 0 0 ,23 0 0 0 0 ,44070000 0 0 0 0 ,1 0 0 0 0 
20160922,122122472,122122472,112945500,ag.SHF,ag,20160922,20160922,0( ),643102,43450000,43080000,44000000,44300000,43520000,44060000,825904,54487266210,637464,44060000,0,45660000,40490000,0,0,44080000 0 0 0 0 ,23 0 0 0 0 ,44070000 0 0 0 0 ,1 0 0 0 0 
20160922,122122472,122122472,112945500,ag02.SHF,ag02,20160922,20160922,0( ),643102,43450000,43080000,44000000,44300000,43520000,44060000,825904,54487266210,637464,44060000,0,45660000,40490000,0,0,44080000 0 0 0 0 ,23 0 0 0 0 ,44070000 0 0 0 0 ,1 0 0 0 0 
20160922,122122472,122122472,112945500,al1708.SHF,al1708,20160922,20160922,0( ),1946,118450000,118600000,118600000,119750000,117650000,119750000,156,9279600,2004,119750000,0,123300000,113850000,0,0,119850000 0 0 0 0 ,1 0 0 0 0 ,118550000 0 0 0 0 ,10 0 0 0 0 
20160922,122122472,122122472,112945500,au1612.SHF,au1612,20160922,20160922,0( ),324646,2853500,2848000,2870000,2882500,2848500,2878000,179994,51681572000,318312,2878000,0,2990000,2705500,0,0,2878500 0 0 0 0 ,36 0 0 0 0 ,2878000 0 0 0 0 ,4 0 0 0 0 
20160922,122122472,122122472,112945500,au.SHF,au,20160922,20160922,0( ),324646,2853500,2848000,2870000,2882500,2848500,2878000,179994,51681572000,318312,2878000,0,2990000,2705500,0,0,2878500 0 0 0 0 ,36 0 0 0 0 ,2878000 0 0 0 0 ,4 0 0 0 0 
20160922,122122472,122122472,112945500,au02.SHF,au02,20160922,20160922,0( ),324646,2853500,2848000,2870000,2882500,2848500,2878000,179994,51681572000,318312,2878000,0,2990000,2705500,0,0,2878500 0 0 0 0 ,36 0 0 0 0 ,2878000 0 0 0 0 ,4 0 0 0 0 
20160922,122122472,122122472,112945500,bu1611.SHF,bu1611,20160922,20160922,0( ),290,17620000,17860000,17720000,17980000,17720000,17820000,46,821480,312,17820000,0,18920000,16780000,0,0,17820000 0 0 0 0 ,1 0 0 0 0 ,17720000 0 0 0 0 ,8 0 0 0 0 
20160922,122122472,122122472,112945500,bu01.SHF,bu01,20160922,20160922,0( ),290,17620000,17860000,17720000,17980000,17720000,17820000,46,821480,312,17820000,0,18920000,16780000,0,0,17820000 0 0 0 0 ,1 0 0 0 0 ,17720000 0 0 0 0 ,8 0 0 0 0 
20160922,122122472,122122472,112945500,bu1612.SHF,bu1612,20160922,20160922,0( ),1194688,18300000,18420000,18260000,18620000,18260000,18380000,701082,12942005560,1200776,18380000,0,19520000,17300000,0,0,18400000 0 0 0 0 ,1006 0 0 0 0 ,18380000 0 0 0 0 ,70 0 0 0 0 
20160922,122122472,122122472,112945500,bu.SHF,bu,20160922,20160922,0( ),1194688,18300000,18420000,18260000,18620000,18260000,18380000,701082,12942005560,1200776,18380000,0,19520000,17300000,0,0,18400000 0 0 0 0 ,1006 0 0 0 0 ,18380000 0 0 0 0 ,70 0 0 0 0 
20160922,122122472,122122472,112945500,bu02.SHF,bu02,20160922,20160922,0( ),1194688,18300000,18420000,18260000,18620000,18260000,18380000,701082,12942005560,1200776,18380000,0,19520000,17300000,0,0,18400000 0 0 0 0 ,1006 0 0 0 0 ,18380000 0 0 0 0 ,70 0 0 0 0 
20160922,122122472,122122472,112945500,bu1701.SHF,bu1701,20160922,20160922,0( ),5340,18720000,18800000,18720000,18960000,18640000,18800000,1826,34416040,5478,18800000,0,19920000,17660000,0,0,18800000 0 0 0 0 ,1 0 0 0 0 ,18780000 0 0 0 0 ,1 0 0 0 0 
20160922,122122472,122122472,112945500,bu03.SHF,bu03,20160922,20160922,0( ),5340,18720000,18800000,18720000,18960000,18640000,18800000,1826,34416040,5478,18800000,0,19920000,17660000,0,0,18800000 0 0 0 0 ,1 0 0 0 0 ,18780000 0 0 0 0 ,1 0 0 0 0 
20160922,122122472,122122472,112945500,bu1706.SHF,bu1706,20160922,20160922,0( ),63608,20360000,20500000,20300000,20680000,20300000,20500000,17574,360634920,64446,20500000,0,21720000,19260000,0,0,20500000 0 0 0 0 ,10 0 0 0 0 ,20480000 0 0 0 0 ,28 0 0 0 0 
20160922,122122472,122122472,112945500,cu1610.SHF,cu1610,20160922,20160922,0( ),82822,373200000,372800000,373600000,376000000,372300000,375300000,31374,5879346900,77462,375300000,0,395100000,350400000,0,0,375300000 0 0 0 0 ,79 0 0 0 0 ,375200000 0 0 0 0 ,5 0 0 0 0 
20160922,122122472,122122472,112945500,cu00.SHF,cu00,20160922,20160922,0( ),82822,373200000,372800000,373600000,376000000,372300000,375300000,31374,5879346900,77462,375300000,0,395100000,350400000,0,0,375300000 0 0 0 0 ,79 0 0 0 0 ,375200000 0 0 0 0 ,5 0 0 0 0 
20160922,122122472,122122472,112945500,cu1611.SHF,cu1611,20160922,20160922,0( ),178240,373000000,373300000,373100000,376500000,372400000,375500000,148574,27825489100,177518,375500000,0,395600000,350900000,0,0,375500000 0 0 0 0 ,29 0 0 0 0 ,375400000 0 0 0 0 ,17 0 0 0 0 
20160922,122122472,122122472,112945500,cu.SHF,cu,20160922,20160922,0( ),178240,373000000,373300000,373100000,376500000,372400000,375500000,148574,27825489100,177518,375500000,0,395600000,350900000,0,0,375500000 0 0 0 0 ,29 0 0 0 0 ,375400000 0 0 0 0 ,17 0 0 0 0 
20160922,122122472,122122472,112945500,cu01.SHF,cu01,20160922,20160922,0( ),178240,373000000,373300000,373100000,376500000,372400000,375500000,148574,27825489100,177518,375500000,0,395600000,350900000,0,0,375500000 0 0 0 0 ,29 0 0 0 0 ,375400000 0 0 0 0 ,17 0 0 0 0 
20160922,122122472,122122472,112945500,cu1612.SHF,cu1612,20160922,20160922,0( ),116754,373400000,373300000,373000000,376600000,372500000,375900000,62624,11738955600,128368,375900000,0,395600000,350900000,0,0,375900000 0 0 0 0 ,35 0 0 0 0 ,375700000 0 0 0 0 ,26 0 0 0 0 
20160922,122122472,122122472,112945500,cu02.SHF,cu02,20160922,20160922,0( ),116754,373400000,373300000,373000000,376600000,372500000,375900000,62624,11738955600,128368,375900000,0,395600000,350900000,0,0,375900000 0 0 0 0 ,35 0 0 0 0 ,375700000 0 0 0 0 ,26 0 0 0 0 
20160922,122122472,122122472,112945500,hc1610.SHF,hc1610,20160922,20160922,0( ),33314,26820000,26760000,26800000,27180000,26750000,27050000,13104,353639880,27998,27050000,0,28360000,25150000,0,0,27060000 0 0 0 0 ,91 0 0 0 0 ,27050000 0 0 0 0 ,13 0 0 0 0 
20160922,122122472,122122472,112945500,hc00.SHF,hc00,20160922,20160922,0( ),33314,26820000,26760000,26800000,27180000,26750000,27050000,13104,353639880,27998,27050000,0,28360000,25150000,0,0,27060000 0 0 0 0 ,91 0 0 0 0 ,27050000 0 0 0 0 ,13 0 0 0 0 
20160922,122122472,122122472,112945500,hc1701.SHF,hc1701,20160922,20160922,0( ),377130,25300000,25360000,25300000,26020000,25260000,25820000,272678,7002752180,365470,25820000,0,26880000,23830000,0,0,25840000 0 0 0 0 ,16 0 0 0 0 ,25820000 0 0 0 0 ,8 0 0 0 0 
20160922,122122472,122122472,112945500,hc.SHF,hc,20160922,20160922,0( ),377130,25300000,25360000,25300000,26020000,25260000,25820000,272678,7002752180,365470,25820000,0,26880000,23830000,0,0,25840000 0 0 0 0 ,16 0 0 0 0 ,25820000 0 0 0 0 ,8 0 0 0 0 
20160922,122122472,122122472,112945500,hc03.SHF,hc03,20160922,20160922,0( ),377130,25300000,25360000,25300000,26020000,25260000,25820000,272678,7002752180,365470,25820000,0,26880000,23830000,0,0,25840000 0 0 0 0 ,16 0 0 0 0 ,25820000 0 0 0 0 ,8 0 0 0 0 
20160922,122122472,122122472,112945500,hc1705.SHF,hc1705,20160922,20160922,0( ),33416,25080000,25130000,25080000,25830000,25040000,25600000,10626,271005120,33022,25600000,0,26630000,23620000,0,0,25610000 0 0 0 0 ,20 0 0 0 0 ,25600000 0 0 0 0 ,6 0 0 0 0 
20160922,122122472,122122472,112945500,ni1701.SHF,ni1701,20160922,20160922,0( ),496404,805100000,805300000,808500000,825600000,805200000,819300000,530262,43187562540,499356,819300000,0,853600000,756900000,0,0,819300000 0 0 0 0 ,32 0 0 0 0 ,819200000 0 0 0 0 ,1 0 0 0 0 
20160922,122122472,122122472,112945500,ni.SHF,ni,20160922,20160922,0( ),496404,805100000,805300000,808500000,825600000,805200000,819300000,530262,43187562540,499356,819300000,0,853600000,756900000,0,0,819300000 0 0 0 0 ,32 0 0 0 0 ,819200000 0 0 0 0 ,1 0 0 0 0 
20160922,122122472,122122472,112945500,ni03.SHF,ni03,20160922,20160922,0( ),496404,805100000,805300000,808500000,825600000,805200000,819300000,530262,43187562540,499356,819300000,0,853600000,756900000,0,0,819300000 0 0 0 0 ,32 0 0 0 0 ,819200000 0 0 0 0 ,1 0 0 0 0 
20160922,122122472,122122472,112945500,rb1701.SHF,rb1701,20160922,20160922,0( ),3355942,22570000,22590000,22540000,23300000,22530000,23070000,5733410,131411424760,3224160,23070000,0,23940000,21230000,0,0,23080000 0 0 0 0 ,1338 0 0 0 0 ,23070000 0 0 0 0 ,1007 0 0 0 0 
20160922,122122472,122122472,112945500,rb.SHF,rb,20160922,20160922,0( ),3355942,22570000,22590000,22540000,23300000,22530000,23070000,5733410,131411424760,3224160,23070000,0,23940000,21230000,0,0,23080000 0 0 0 0 ,1338 0 0 0 0 ,23070000 0 0 0 0 ,1007 0 0 0 0 
20160922,122122473,122122473,112945500,rb03.SHF,rb03,20160922,20160922,0( ),3355942,22570000,22590000,22540000,23300000,22530000,23070000,5733410,131411424760,3224160,23070000,0,23940000,21230000,0,0,23080000 0 0 0 0 ,1338 0 0 0 0 ,23070000 0 0 0 0 ,1007 0 0 0 0 
20160922,122122473,122122473,112945500,rb1705.SHF,rb1705,20160922,20160922,0( ),501342,22750000,22760000,22710000,23610000,22700000,23410000,271340,6302412480,517080,23410000,0,24120000,21390000,0,0,23410000 0 0 0 0 ,2 0 0 0 0 ,23400000 0 0 0 0 ,40 0 0 0 0 
20160922,122122473,122122473,112945500,rb1708.SHF,rb1708,20160922,20160922,0( ),288,23000000,22880000,23000000,23710000,23000000,23710000,42,989240,256,23710000,0,24250000,21500000,0,0,23830000 0 0 0 0 ,45 0 0 0 0 ,23510000 0 0 0 0 ,1 0 0 0 0 
20160922,122122473,122122473,112945500,ru1701.SHF,ru1701,20160922,20160922,0( ),283812,132250000,131950000,132400000,136800000,131500000,135750000,638682,85772594400,311164,135750000,0,139850000,124000000,0,0,135800000 0 0 0 0 ,103 0 0 0 0 ,135750000 0 0 0 0 ,161 0 0 0 0 
20160922,122122473,122122473,112945500,ru.SHF,ru,20160922,20160922,0( ),283812,132250000,131950000,132400000,136800000,131500000,135750000,638682,85772594400,311164,135750000,0,139850000,124000000,0,0,135800000 0 0 0 0 ,103 0 0 0 0 ,135750000 0 0 0 0 ,161 0 0 0 0 
20160922,122122473,122122473,112945500,ru02.SHF,ru02,20160922,20160922,0( ),283812,132250000,131950000,132400000,136800000,131500000,135750000,638682,85772594400,311164,135750000,0,139850000,124000000,0,0,135800000 0 0 0 0 ,103 0 0 0 0 ,135750000 0 0 0 0 ,161 0 0 0 0 
20160922,122122473,122122473,112945500,ru1703.SHF,ru1703,20160922,20160922,0( ),594,132700000,132700000,133200000,137000000,132750000,136500000,70,9434600,610,136500000,0,140650000,124700000,0,0,136800000 0 0 0 0 ,1 0 0 0 0 ,135350000 0 0 0 0 ,3 0 0 0 0 
20160922,122122473,122122473,112945500,ru03.SHF,ru03,20160922,20160922,0( ),594,132700000,132700000,133200000,137000000,132750000,136500000,70,9434600,610,136500000,0,140650000,124700000,0,0,136800000 0 0 0 0 ,1 0 0 0 0 ,135350000 0 0 0 0 ,3 0 0 0 0 
20160922,122122473,122122473,112945500,ru1705.SHF,ru1705,20160922,20160922,0( ),59986,133700000,133400000,133700000,138500000,133200000,137650000,65060,8848844500,62172,137650000,0,141400000,125350000,0,0,137650000 0 0 0 0 ,1 0 0 0 0 ,137600000 0 0 0 0 ,7 0 0 0 0 
20160922,122122481,122122481,112946000,zn1610.SHF,zn1610,20160922,20160922,0( ),68764,179550000,180200000,178800000,180700000,177400000,180000000,21018,1883519100,66838,180000000,0,189200000,171150000,0,0,180050000 0 0 0 0 ,17 0 0 0 0 ,179950000 0 0 0 0 ,3 0 0 0 0 
20160922,122122481,122122481,112946000,zn00.SHF,zn00,20160922,20160922,0( ),68764,179550000,180200000,178800000,180700000,177400000,180000000,21018,1883519100,66838,180000000,0,189200000,171150000,0,0,180050000 0 0 0 0 ,17 0 0 0 0 ,179950000 0 0 0 0 ,3 0 0 0 0 
20160922,122122481,122122481,112946000,zn1611.SHF,zn1611,20160922,20160922,0( ),252536,179350000,180050000,179400000,180450000,177200000,179750000,312206,27925514050,241872,179750000,0,189050000,171000000,0,0,179800000 0 0 0 0 ,75 0 0 0 0 ,179750000 0 0 0 0 ,5 0 0 0 0 
20160922,122122481,122122481,112946000,zn.SHF,zn,20160922,20160922,0( ),252536,179350000,180050000,179400000,180450000,177200000,179750000,312206,27925514050,241872,179750000,0,189050000,171000000,0,0,179800000 0 0 0 0 ,75 0 0 0 0 ,179750000 0 0 0 0 ,5 0 0 0 0 
20160922,122122481,122122481,112946000,zn01.SHF,zn01,20160922,20160922,0( ),252536,179350000,180050000,179400000,180450000,177200000,179750000,312206,27925514050,241872,179750000,0,189050000,171000000,0,0,179800000 0 0 0 0 ,75 0 0 0 0 ,179750000 0 0 0 0 ,5 0 0 0 0 
20160922,122122481,122122481,112946000,zn1701.SHF,zn1701,20160922,20160922,0( ),59582,178900000,179550000,179400000,180100000,176900000,179500000,31306,2795203400,61836,179500000,0,188500000,170550000,0,0,179500000 0 0 0 0 ,52 0 0 0 0 ,179450000 0 0 0 0 ,7 0 0 0 0 
20160922,122122481,122122481,112946000,zn03.SHF,zn03,20160922,20160922,0( ),59582,178900000,179550000,179400000,180100000,176900000,179500000,31306,2795203400,61836,179500000,0,188500000,170550000,0,0,179500000 0 0 0 0 ,52 0 0 0 0 ,179450000 0 0 0 0 ,7 0 0 0 0 
20160922,122122481,122122481,112946000,zn1702.SHF,zn1702,20160922,20160922,0( ),6852,178850000,179450000,178900000,180000000,177000000,179300000,2124,190386800,7796,179300000,0,188400000,170450000,0,0,179550000 0 0 0 0 ,3 0 0 0 0 ,179050000 0 0 0 0 ,10 0 0 0 0 
20160922,122122481,122122481,112946000,zn04.SHF,zn04,20160922,20160922,0( ),6852,178850000,179450000,178900000,180000000,177000000,179300000,2124,190386800,7796,179300000,0,188400000,170450000,0,0,179550000 0 0 0 0 ,3 0 0 0 0 ,179050000 0 0 0 0 ,10 0 0 0 0 
20160922,122122481,122122481,112946000,zn1704.SHF,zn1704,20160922,20160922,0( ),532,178850000,179550000,178200000,179500000,176700000,179500000,138,12260000,464,179500000,0,188500000,170550000,0,0,181050000 0 0 0 0 ,20 0 0 0 0 ,177900000 0 0 0 0 ,14 0 0 0 0 
20160922,122122481,122122481,112946000,zn1705.SHF,zn1705,20160922,20160922,0( ),420,178300000,179150000,179500000,179950000,176900000,179400000,148,13288400,398,179400000,0,188100000,170150000,0,0,179950000 0 0 0 0 ,4 0 0 0 0 ,178800000 0 0 0 0 ,2 0 0 0 0 
20160922,122122481,122122481,112946000,zn1709.SHF,zn1709,20160922,20160922,0( ),14,177950000,178050000,175800000,175800000,175800000,175800000,2,175800,16,175800000,0,186950000,169100000,0,0,179850000 0 0 0 0 ,12 0 0 0 0 ,176600000 0 0 0 0 ,4 0 0 0 0 
20160922,122122481,122122481,112946000,ag1612.SHF,ag1612,20160922,20160922,0( ),643102,43450000,43080000,44000000,44300000,43520000,44080000,825924,54488588610,637454,44080000,0,45660000,40490000,0,0,44080000 0 0 0 0 ,13 0 0 0 0 ,44070000 0 0 0 0 ,1 0 0 0 0 
20160922,122122481,122122481,112946000,ag.SHF,ag,20160922,20160922,0( ),643102,43450000,43080000,44000000,44300000,43520000,44080000,825924,54488588610,637454,44080000,0,45660000,40490000,0,0,44080000 0 0 0 0 ,13 0 0 0 0 ,44070000 0 0 0 0 ,1 0 0 0 0 
20160922,122122481,122122481,112946000,ag02.SHF,ag02,20160922,20160922,0( ),643102,43450000,43080000,44000000,44300000,43520000,44080000,825924,54488588610,637454,44080000,0,45660000,40490000,0,0,44080000 0 0 0 0 ,13 0 0 0 0 ,44070000 0 0 0 0 ,1 0 0 0 0 
20160922,122122481,122122481,112946000,al1610.SHF,al1610,20160922,20160922,0( ),77338,123600000,123550000,123600000,125750000,123600000,125700000,23680,1479281300,69948,125700000,0,128450000,118600000,0,0,125750000 0 0 0 0 ,28 0 0 0 0 ,125700000 0 0 0 0 ,30 0 0 0 0 
20160922,122122481,122122481,112946000,al00.SHF,al00,20160922,20160922,0( ),77338,123600000,123550000,123600000,125750000,123600000,125700000,23680,1479281300,69948,125700000,0,128450000,118600000,0,0,125750000 0 0 0 0 ,28 0 0 0 0 ,125700000 0 0 0 0 ,30 0 0 0 0 
20160922,122122481,122122481,112946000,al1708.SHF,al1708,20160922,20160922,0( ),1946,118450000,118600000,118600000,119750000,117650000,119750000,156,9279600,2004,119750000,0,123300000,113850000,0,0,119850000 0 0 0 0 ,1 0 0 0 0 ,118600000 0 0 0 0 ,7 0 0 0 0 
20160922,122122481,122122481,112946000,au1612.SHF,au1612,20160922,20160922,0( ),324646,2853500,2848000,2870000,2882500,2848500,2878500,180006,51685026200,318300,2878500,0,2990000,2705500,0,0,2878500 0 0 0 0 ,32 0 0 0 0 ,2878000 0 0 0 0 ,4 0 0 0 0 
20160922,122122481,122122481,112946000,au.SHF,au,20160922,20160922,0( ),324646,2853500,2848000,2870000,2882500,2848500,2878500,180006,51685026200,318300,2878500,0,2990000,2705500,0,0,2878500 0 0 0 0 ,32 0 0 0 0 ,2878000 0 0 0 0 ,4 0 0 0 0 
20160922,122122481,122122481,112946000,au02.SHF,au02,20160922,20160922,0( ),324646,2853500,2848000,2870000,2882500,2848500,2878500,180006,51685026200,318300,2878500,0,2990000,2705500,0,0,2878500 0 0 0 0 ,32 0 0 0 0 ,2878000 0 0 0 0 ,4 0 0 0 0 
20160922,122122481,122122481,112946000,bu1612.SHF,bu1612,20160922,20160922,0( ),1194688,18300000,18420000,18260000,18620000,18260000,18380000,701124,12942777520,1200816,18380000,0,19520000,17300000,0,0,18400000 0 0 0 0 ,1006 0 0 0 0 ,18380000 0 0 0 0 ,51 0 0 0 0 
20160922,122122481,122122481,112946000,bu.SHF,bu,20160922,20160922,0( ),1194688,18300000,18420000,18260000,18620000,18260000,18380000,701124,12942777520,1200816,18380000,0,19520000,17300000,0,0,18400000 0 0 0 0 ,1006 0 0 0 0 ,18380000 0 0 0 0 ,51 0 0 0 0 
20160922,122122481,122122481,112946000,bu02.SHF,bu02,20160922,20160922,0( ),1194688,18300000,18420000,18260000,18620000,18260000,18380000,701124,12942777520,1200816,18380000,0,19520000,17300000,0,0,18400000 0 0 0 0 ,1006 0 0 0 0 ,18380000 0 0 0 0 ,51 0 0 0 0 
20160922,122122481,122122481,112946000,cu1611.SHF,cu1611,20160922,20160922,0( ),178240,373000000,373300000,373100000,376500000,372400000,375400000,148586,27827741500,177518,375400000,0,395600000,350900000,0,0,375500000 0 0 0 0 ,29 0 0 0 0 ,375400000 0 0 0 0 ,11 0 0 0 0 
20160922,122122481,122122481,112946000,cu.SHF,cu,20160922,20160922,0( ),178240,373000000,373300000,373100000,376500000,372400000,375400000,148586,27827741500,177518,375400000,0,395600000,350900000,0,0,375500000 0 0 0 0 ,29 0 0 0 0 ,375400000 0 0 0 0 ,11 0 0 0 0 
20160922,122122481,122122481,112946000,cu01.SHF,cu01,20160922,20160922,0( ),178240,373000000,373300000,373100000,376500000,372400000,375400000,148586,27827741500,177518,375400000,0,395600000,350900000,0,0,375500000 0 0 0 0 ,29 0 0 0 0 ,375400000 0 0 0 0 ,11 0 0 0 0 
20160922,122122481,122122481,112946000,hc1701.SHF,hc1701,20160922,20160922,0( ),377130,25300000,25360000,25300000,26020000,25260000,25820000,272678,7002752180,365470,25820000,0,26880000,23830000,0,0,25840000 0 0 0 0 ,16 0 0 0 0 ,25820000 0 0 0 0 ,9 0 0 0 0 
20160922,122122481,122122481,112946000,hc.SHF,hc,20160922,20160922,0( ),377130,25300000,25360000,25300000,26020000,25260000,25820000,272678,7002752180,365470,25820000,0,26880000,23830000,0,0,25840000 0 0 0 0 ,16 0 0 0 0 ,25820000 0 0 0 0 ,9 0 0 0 0 
20160922,122122481,122122481,112946000,hc03.SHF,hc03,20160922,20160922,0( ),377130,25300000,25360000,25300000,26020000,25260000,25820000,272678,7002752180,365470,25820000,0,26880000,23830000,0,0,25840000 0 0 0 0 ,16 0 0 0 0 ,25820000 0 0 0 0 ,9 0 0 0 0 
20160922,122122481,122122481,112946000,rb1610.SHF,rb1610,20160922,20160922,0( ),118620,22540000,22490000,22550000,23080000,22260000,22950000,57780,1315087640,106762,22950000,0,23830000,21140000,0,0,22950000 0 0 0 0 ,46 0 0 0 0 ,22930000 0 0 0 0 ,12 0 0 0 0 
20160922,122122481,122122481,112946000,rb00.SHF,rb00,20160922,20160922,0( ),118620,22540000,22490000,22550000,23080000,22260000,22950000,57780,1315087640,106762,22950000,0,23830000,21140000,0,0,22950000 0 0 0 0 ,46 0 0 0 0 ,22930000 0 0 0 0 ,12 0 0 0 0 
20160922,122122481,122122481,112946000,rb1701.SHF,rb1701,20160922,20160922,0( ),3355942,22570000,22590000,22540000,23300000,22530000,23080000,5733478,131412993720,3224132,23080000,0,23940000,21230000,0,0,23080000 0 0 0 0 ,1329 0 0 0 0 ,23070000 0 0 0 0 ,1184 0 0 0 0 
20160922,122122481,122122481,112946000,rb.SHF,rb,20160922,20160922,0( ),3355942,22570000,22590000,22540000,23300000,22530000,23080000,5733478,131412993720,3224132,23080000,0,23940000,21230000,0,0,23080000 0 0 0 0 ,1329 0 0 0 0 ,23070000 0 0 0 0 ,1184 0 0 0 0 
20160922,122122481,122122481,112946000,rb03.SHF,rb03,20160922,20160922,0( ),3355942,22570000,22590000,22540000,23300000,22530000,23080000,5733478,131412993720,3224132,23080000,0,23940000,21230000,0,0,23080000 0 0 0 0 ,1329 0 0 0 0 ,23070000 0 0 0 0 ,1184 0 0 0 0 
20160922,122122481,122122481,112946000,rb1705.SHF,rb1705,20160922,20160922,0( ),501342,22750000,22760000,22710000,23610000,22700000,23420000,271342,6302459320,517080,23420000,0,24120000,21390000,0,0,23420000 0 0 0 0 ,13 0 0 0 0 ,23400000 0 0 0 0 ,49 0 0 0 0 
20160922,122122481,122122481,112946000,rb1708.SHF,rb1708,20160922,20160922,0( ),288,23000000,22880000,23000000,23710000,23000000,23710000,42,989240,256,23710000,0,24250000,21500000,0,0,23820000 0 0 0 0 ,2 0 0 0 0 ,23510000 0 0 0 0 ,1 0 0 0 0 
20160922,122122481,122122481,112946000,ru1701.SHF,ru1701,20160922,20160922,0( ),283812,132250000,131950000,132400000,136800000,131500000,135800000,638700,85775038800,311150,135800000,0,139850000,124000000,0,0,135800000 0 0 0 0 ,95 0 0 0 0 ,135750000 0 0 0 0 ,161 0 0 0 0 
20160922,122122481,122122481,112946000,ru.SHF,ru,20160922,20160922,0( ),283812,132250000,131950000,132400000,136800000,131500000,135800000,638700,85775038800,311150,135800000,0,139850000,124000000,0,0,135800000 0 0 0 0 ,95 0 0 0 0 ,135750000 0 0 0 0 ,161 0 0 0 0 
20160922,122122481,122122481,112946000,ru02.SHF,ru02,20160922,20160922,0( ),283812,132250000,131950000,132400000,136800000,131500000,135800000,638700,85775038800,311150,135800000,0,139850000,124000000,0,0,135800000 0 0 0 0 ,95 0 0 0 0 ,135750000 0 0 0 0 ,161 0 0 0 0 
20160922,122122481,122122481,112946000,ru1705.SHF,ru1705,20160922,20160922,0( ),59986,133700000,133400000,133700000,138500000,133200000,137650000,65060,8848844500,62172,137650000,0,141400000,125350000,0,0,137650000 0 0 0 0 ,3 0 0 0 0 ,137600000 0 0 0 0 ,7 0 0 0 0 
20160922,122122481,122122481,112946500,zn1610.SHF,zn1610,20160922,20160922,0( ),68764,179550000,180200000,178800000,180700000,177400000,180000000,21018,1883519100,66838,180000000,0,189200000,171150000,0,0,180050000 0 0 0 0 ,7 0 0 0 0 ,179950000 0 0 0 0 ,7 0 0 0 0 
20160922,122122481,122122481,112946500,zn00.SHF,zn00,20160922,20160922,0( ),68764,179550000,180200000,178800000,180700000,177400000,180000000,21018,1883519100,66838,180000000,0,189200000,171150000,0,0,180050000 0 0 0 0 ,7 0 0 0 0 ,179950000 0 0 0 0 ,7 0 0 0 0 
20160922,122122481,122122481,112946500,zn1611.SHF,zn1611,20160922,20160922,0( ),252536,179350000,180050000,179400000,180450000,177200000,179800000,312212,27926053450,241872,179800000,0,189050000,171000000,0,0,179800000 0 0 0 0 ,54 0 0 0 0 ,179750000 0 0 0 0 ,4 0 0 0 0 
20160922,122122481,122122481,112946500,zn.SHF,zn,20160922,20160922,0( ),252536,179350000,180050000,179400000,180450000,177200000,179800000,312212,27926053450,241872,179800000,0,189050000,171000000,0,0,179800000 0 0 0 0 ,54 0 0 0 0 ,179750000 0 0 0 0 ,4 0 0 0 0 
20160922,122122481,122122481,112946500,zn01.SHF,zn01,20160922,20160922,0( ),252536,179350000,180050000,179400000,180450000,177200000,179800000,312212,27926053450,241872,179800000,0,189050000,171000000,0,0,179800000 0 0 0 0 ,54 0 0 0 0 ,179750000 0 0 0 0 ,4 0 0 0 0 
20160922,122122481,122122481,112946500,zn1612.SHF,zn1612,20160922,20160922,0( ),133642,179050000,179750000,179100000,180200000,177000000,179550000,109958,9824978500,139838,179550000,0,188700000,170750000,0,0,179550000 0 0 0 0 ,29 0 0 0 0 ,179500000 0 0 0 0 ,45 0 0 0 0 
20160922,122122481,122122481,112946500,zn02.SHF,zn02,20160922,20160922,0( ),133642,179050000,179750000,179100000,180200000,177000000,179550000,109958,9824978500,139838,179550000,0,188700000,170750000,0,0,179550000 0 0 0 0 ,29 0 0 0 0 ,179500000 0 0 0 0 ,45 0 0 0 0 
20160922,122122481,122122481,112946500,zn1701.SHF,zn1701,20160922,20160922,0( ),59582,178900000,179550000,179400000,180100000,176900000,179500000,31306,2795203400,61836,179500000,0,188500000,170550000,0,0,179500000 0 0 0 0 ,32 0 0 0 0 ,179450000 0 0 0 0 ,8 0 0 0 0 
20160922,122122481,122122481,112946500,zn03.SHF,zn03,20160922,20160922,0( ),59582,178900000,179550000,179400000,180100000,176900000,179500000,31306,2795203400,61836,179500000,0,188500000,170550000,0,0,179500000 0 0 0 0 ,32 0 0 0 0 ,179450000 0 0 0 0 ,8 0 0 0 0 
20160922,122122481,122122481,112946500,zn1702.SHF,zn1702,20160922,20160922,0( ),6852,178850000,179450000,178900000,180000000,177000000,179300000,2124,190386800,7796,179300000,0,188400000,170450000,0,0,179600000 0 0 0 0 ,1 0 0 0 0 ,179050000 0 0 0 0 ,10 0 0 0 0 
20160922,122122481,122122481,112946500,zn04.SHF,zn04,20160922,20160922,0( ),6852,178850000,179450000,178900000,180000000,177000000,179300000,2124,190386800,7796,179300000,0,188400000,170450000,0,0,179600000 0 0 0 0 ,1 0 0 0 0 ,179050000 0 0 0 0 ,10 0 0 0 0 
20160922,122122481,122122481,112946500,zn1704.SHF,zn1704,20160922,20160922,0( ),532,178850000,179550000,178200000,179500000,176700000,179500000,138,12260000,464,179500000,0,188500000,170550000,0,0,181000000 0 0 0 0 ,4 0 0 0 0 ,177900000 0 0 0 0 ,14 0 0 0 0 
20160922,122122481,122122481,112946500,zn1705.SHF,zn1705,20160922,20160922,0( ),420,178300000,179150000,179500000,179950000,176900000,179400000,148,13288400,398,179400000,0,188100000,170150000,0,0,179950000 0 0 0 0 ,4 0 0 0 0 ,178850000 0 0 0 0 ,1 0 0 0 0 
20160922,122122481,122122481,112946500,zn1706.SHF,zn1706,20160922,20160922,0( ),1056,178600000,179050000,177800000,179300000,176400000,179050000,116,10291500,998,179050000,0,188000000,170050000,0,0,179450000 0 0 0 0 ,4 0 0 0 0 ,177700000 0 0 0 0 ,15 0 0 0 0 
20160922,122122481,122122481,112946500,zn1709.SHF,zn1709,20160922,20160922,0( ),14,177950000,178050000,175800000,175800000,175800000,175800000,2,175800,16,175800000,0,186950000,169100000,0,0,179850000 0 0 0 0 ,2 0 0 0 0 ,176650000 0 0 0 0 ,1 0 0 0 0 
20160922,122122481,122122481,112946500,ag1612.SHF,ag1612,20160922,20160922,0( ),643102,43450000,43080000,44000000,44300000,43520000,44080000,825926,54488720850,637452,44080000,0,45660000,40490000,0,0,44080000 0 0 0 0 ,26 0 0 0 0 ,44070000 0 0 0 0 ,29 0 0 0 0 
20160922,122122481,122122481,112946500,ag.SHF,ag,20160922,20160922,0( ),643102,43450000,43080000,44000000,44300000,43520000,44080000,825926,54488720850,637452,44080000,0,45660000,40490000,0,0,44080000 0 0 0 0 ,26 0 0 0 0 ,44070000 0 0 0 0 ,29 0 0 0 0 
20160922,122122481,122122481,112946500,ag02.SHF,ag02,20160922,20160922,0( ),643102,43450000,43080000,44000000,44300000,43520000,44080000,825926,54488720850,637452,44080000,0,45660000,40490000,0,0,44080000 0 0 0 0 ,26 0 0 0 0 ,44070000 0 0 0 0 ,29 0 0 0 0 
20160922,122122481,122122481,112946500,al1612.SHF,al1612,20160922,20160922,0( ),126136,119650000,119500000,120000000,121300000,119500000,121250000,37010,2229861700,131604,121250000,0,124250000,114700000,0,0,121300000 0 0 0 0 ,283 0 0 0 0 ,121250000 0 0 0 0 ,5 0 0 0 0 
20160922,122122481,122122481,112946500,al02.SHF,al02,20160922,20160922,0( ),126136,119650000,119500000,120000000,121300000,119500000,121250000,37010,2229861700,131604,121250000,0,124250000,114700000,0,0,121300000 0 0 0 0 ,283 0 0 0 0 ,121250000 0 0 0 0 ,5 0 0 0 0 
20160922,122122481,122122481,112946500,al1703.SHF,al1703,20160922,20160922,0( ),27830,118150000,118200000,118200000,119200000,117850000,119150000,4584,271884700,29772,119150000,0,122900000,113450000,0,0,119250000 0 0 0 0 ,60 0 0 0 0 ,119100000 0 0 0 0 ,9 0 0 0 0 
20160922,122122481,122122481,112946500,au1612.SHF,au1612,20160922,20160922,0( ),324646,2853500,2848000,2870000,2882500,2848500,2878500,180006,51685026200,318300,2878500,0,2990000,2705500,0,0,2878500 0 0 0 0 ,32 0 0 0 0 ,2878000 0 0 0 0 ,5 0 0 0 0 
20160922,122122481,122122481,112946500,au.SHF,au,20160922,20160922,0( ),324646,2853500,2848000,2870000,2882500,2848500,2878500,180006,51685026200,318300,2878500,0,2990000,2705500,0,0,2878500 0 0 0 0 ,32 0 0 0 0 ,2878000 0 0 0 0 ,5 0 0 0 0 
20160922,122122481,122122481,112946500,au02.SHF,au02,20160922,20160922,0( ),324646,2853500,2848000,2870000,2882500,2848500,2878500,180006,51685026200,318300,2878500,0,2990000,2705500,0,0,2878500 0 0 0 0 ,32 0 0 0 0 ,2878000 0 0 0 0 ,5 0 0 0 0 
20160922,122122481,122122481,112946500,bu1612.SHF,bu1612,20160922,20160922,0( ),1194688,18300000,18420000,18260000,18620000,18260000,18380000,702228,12963069040,1201912,18380000,0,19520000,17300000,0,0,18380000 0 0 0 0 ,18 0 0 0 0 ,18360000 0 0 0 0 ,920 0 0 0 0 
20160922,122122481,122122481,112946500,bu.SHF,bu,20160922,20160922,0( ),1194688,18300000,18420000,18260000,18620000,18260000,18380000,702228,12963069040,1201912,18380000,0,19520000,17300000,0,0,18380000 0 0 0 0 ,18 0 0 0 0 ,18360000 0 0 0 0 ,920 0 0 0 0 
20160922,122122481,122122481,112946500,bu02.SHF,bu02,20160922,20160922,0( ),1194688,18300000,18420000,18260000,18620000,18260000,18380000,702228,12963069040,1201912,18380000,0,19520000,17300000,0,0,18380000 0 0 0 0 ,18 0 0 0 0 ,18360000 0 0 0 0 ,920 0 0 0 0 
20160922,122122481,122122481,112946500,bu1706.SHF,bu1706,20160922,20160922,0( ),63608,20360000,20500000,20300000,20680000,20300000,20480000,17594,361044520,64460,20480000,0,21720000,19260000,0,0,20500000 0 0 0 0 ,10 0 0 0 0 ,20480000 0 0 0 0 ,19 0 0 0 0 
20160922,122122481,122122481,112946500,cu1610.SHF,cu1610,20160922,20160922,0( ),82822,373200000,372800000,373600000,376000000,372300000,375300000,31374,5879346900,77462,375300000,0,395100000,350400000,0,0,375300000 0 0 0 0 ,74 0 0 0 0 ,375200000 0 0 0 0 ,5 0 0 0 0 
20160922,122122481,122122481,112946500,cu00.SHF,cu00,20160922,20160922,0( ),82822,373200000,372800000,373600000,376000000,372300000,375300000,31374,5879346900,77462,375300000,0,395100000,350400000,0,0,375300000 0 0 0 0 ,74 0 0 0 0 ,375200000 0 0 0 0 ,5 0 0 0 0 
20160922,122122481,122122481,112946500,cu1611.SHF,cu1611,20160922,20160922,0( ),178240,373000000,373300000,373100000,376500000,372400000,375400000,148586,27827741500,177518,375400000,0,395600000,350900000,0,0,375500000 0 0 0 0 ,29 0 0 0 0 ,375400000 0 0 0 0 ,25 0 0 0 0 
20160922,122122481,122122481,112946500,cu.SHF,cu,20160922,20160922,0( ),178240,373000000,373300000,373100000,376500000,372400000,375400000,148586,27827741500,177518,375400000,0,395600000,350900000,0,0,375500000 0 0 0 0 ,29 0 0 0 0 ,375400000 0 0 0 0 ,25 0 0 0 0 
20160922,122122481,122122481,112946500,cu01.SHF,cu01,20160922,20160922,0( ),178240,373000000,373300000,373100000,376500000,372400000,375400000,148586,27827741500,177518,375400000,0,395600000,350900000,0,0,375500000 0 0 0 0 ,29 0 0 0 0 ,375400000 0 0 0 0 ,25 0 0 0 0 
20160922,122122481,122122481,112946500,cu1702.SHF,cu1702,20160922,20160922,0( ),8516,373900000,374000000,373300000,377500000,373000000,376900000,7810,1471297400,14422,376900000,0,396400000,351500000,0,0,376900000 0 0 0 0 ,12 0 0 0 0 ,376500000 0 0 0 0 ,9 0 0 0 0 
20160922,122122481,122122481,112946500,cu04.SHF,cu04,20160922,20160922,0( ),8516,373900000,374000000,373300000,377500000,373000000,376900000,7810,1471297400,14422,376900000,0,396400000,351500000,0,0,376900000 0 0 0 0 ,12 0 0 0 0 ,376500000 0 0 0 0 ,9 0 0 0 0 
20160922,122122481,122122481,112946500,cu1703.SHF,cu1703,20160922,20160922,0( ),7690,374000000,373900000,373800000,377700000,373600000,377300000,844,158914000,7364,377300000,0,396300000,351400000,0,0,377200000 0 0 0 0 ,3 0 0 0 0 ,376700000 0 0 0 0 ,1 0 0 0 0 
20160922,122122481,122122481,112946500,rb1701.SHF,rb1701,20160922,20160922,0( ),3355942,22570000,22590000,22540000,23300000,22530000,23070000,5733794,131420284960,3224100,23070000,0,23940000,21230000,0,0,23080000 0 0 0 0 ,1317 0 0 0 0 ,23070000 0 0 0 0 ,1078 0 0 0 0 
20160922,122122482,122122482,112946500,rb.SHF,rb,20160922,20160922,0( ),3355942,22570000,22590000,22540000,23300000,22530000,23070000,5733794,131420284960,3224100,23070000,0,23940000,21230000,0,0,23080000 0 0 0 0 ,1317 0 0 0 0 ,23070000 0 0 0 0 ,1078 0 0 0 0 
20160922,122122482,122122482,112946500,rb03.SHF,rb03,20160922,20160922,0( ),3355942,22570000,22590000,22540000,23300000,22530000,23070000,5733794,131420284960,3224100,23070000,0,23940000,21230000,0,0,23080000 0 0 0 0 ,1317 0 0 0 0 ,23070000 0 0 0 0 ,1078 0 0 0 0 
20160922,122122482,122122482,112946500,rb1705.SHF,rb1705,20160922,20160922,0( ),501342,22750000,22760000,22710000,23610000,22700000,23400000,271346,6302552920,517080,23400000,0,24120000,21390000,0,0,23420000 0 0 0 0 ,13 0 0 0 0 ,23400000 0 0 0 0 ,47 0 0 0 0 
20160922,122122482,122122482,112946500,rb1708.SHF,rb1708,20160922,20160922,0( ),288,23000000,22880000,23000000,23710000,23000000,23710000,42,989240,256,23710000,0,24250000,21500000,0,0,23810000 0 0 0 0 ,30 0 0 0 0 ,23510000 0 0 0 0 ,1 0 0 0 0 
20160922,122122482,122122482,112946500,ru1701.SHF,ru1701,20160922,20160922,0( ),283812,132250000,131950000,132400000,136800000,131500000,135750000,638706,85775853300,311150,135750000,0,139850000,124000000,0,0,135800000 0 0 0 0 ,96 0 0 0 0 ,135750000 0 0 0 0 ,170 0 0 0 0 
20160922,122122482,122122482,112946500,ru.SHF,ru,20160922,20160922,0( ),283812,132250000,131950000,132400000,136800000,131500000,135750000,638706,85775853300,311150,135750000,0,139850000,124000000,0,0,135800000 0 0 0 0 ,96 0 0 0 0 ,135750000 0 0 0 0 ,170 0 0 0 0 
20160922,122122482,122122482,112946500,ru02.SHF,ru02,20160922,20160922,0( ),283812,132250000,131950000,132400000,136800000,131500000,135750000,638706,85775853300,311150,135750000,0,139850000,124000000,0,0,135800000 0 0 0 0 ,96 0 0 0 0 ,135750000 0 0 0 0 ,170 0 0 0 0 
20160922,122122482,122122482,112946500,ru1703.SHF,ru1703,20160922,20160922,0( ),594,132700000,132700000,133200000,137000000,132750000,136500000,70,9434600,610,136500000,0,140650000,124700000,0,0,136800000 0 0 0 0 ,1 0 0 0 0 ,135400000 0 0 0 0 ,2 0 0 0 0 
20160922,122122482,122122482,112946500,ru03.SHF,ru03,20160922,20160922,0( ),594,132700000,132700000,133200000,137000000,132750000,136500000,70,9434600,610,136500000,0,140650000,124700000,0,0,136800000 0 0 0 0 ,1 0 0 0 0 ,135400000 0 0 0 0 ,2 0 0 0 0 
20160922,122122482,122122482,112947000,zn1611.SHF,zn1611,20160922,20160922,0( ),252536,179350000,180050000,179400000,180450000,177200000,179800000,312216,27926413050,241870,179800000,0,189050000,171000000,0,0,179800000 0 0 0 0 ,52 0 0 0 0 ,179750000 0 0 0 0 ,5 0 0 0 0 
20160922,122122482,122122482,112947000,zn.SHF,zn,20160922,20160922,0( ),252536,179350000,180050000,179400000,180450000,177200000,179800000,312216,27926413050,241870,179800000,0,189050000,171000000,0,0,179800000 0 0 0 0 ,52 0 0 0 0 ,179750000 0 0 0 0 ,5 0 0 0 0 
20160922,122122482,122122482,112947000,zn01.SHF,zn01,20160922,20160922,0( ),252536,179350000,180050000,179400000,180450000,177200000,179800000,312216,27926413050,241870,179800000,0,189050000,171000000,0,0,179800000 0 0 0 0 ,52 0 0 0 0 ,179750000 0 0 0 0 ,5 0 0 0 0 
20160922,122122482,122122482,112947000,zn1702.SHF,zn1702,20160922,20160922,0( ),6852,178850000,179450000,178900000,180000000,177000000,179300000,2124,190386800,7796,179300000,0,188400000,170450000,0,0,179600000 0 0 0 0 ,4 0 0 0 0 ,179050000 0 0 0 0 ,10 0 0 0 0 
20160922,122122482,122122482,112947000,zn04.SHF,zn04,20160922,20160922,0( ),6852,178850000,179450000,178900000,180000000,177000000,179300000,2124,190386800,7796,179300000,0,188400000,170450000,0,0,179600000 0 0 0 0 ,4 0 0 0 0 ,179050000 0 0 0 0 ,10 0 0 0 0 
20160922,122122482,122122482,112947000,zn1704.SHF,zn1704,20160922,20160922,0( ),532,178850000,179550000,178200000,179500000,176700000,179500000,138,12260000,464,179500000,0,188500000,170550000,0,0,180850000 0 0 0 0 ,15 0 0 0 0 ,177900000 0 0 0 0 ,14 0 0 0 0 
20160922,122122482,122122482,112947000,zn1705.SHF,zn1705,20160922,20160922,0( ),420,178300000,179150000,179500000,179950000,176900000,179400000,148,13288400,398,179400000,0,188100000,170150000,0,0,179950000 0 0 0 0 ,4 0 0 0 0 ,178900000 0 0 0 0 ,1 0 0 0 0 
20160922,122122482,122122482,112947000,ag1612.SHF,ag1612,20160922,20160922,0( ),643102,43450000,43080000,44000000,44300000,43520000,44070000,825986,54492687150,637412,44070000,0,45660000,40490000,0,0,44070000 0 0 0 0 ,24 0 0 0 0 ,44060000 0 0 0 0 ,126 0 0 0 0 
20160922,122122482,122122482,112947000,ag.SHF,ag,20160922,20160922,0( ),643102,43450000,43080000,44000000,44300000,43520000,44070000,825986,54492687150,637412,44070000,0,45660000,40490000,0,0,44070000 0 0 0 0 ,24 0 0 0 0 ,44060000 0 0 0 0 ,126 0 0 0 0 
20160922,122122482,122122482,112947000,ag02.SHF,ag02,20160922,20160922,0( ),643102,43450000,43080000,44000000,44300000,43520000,44070000,825986,54492687150,637412,44070000,0,45660000,40490000,0,0,44070000 0 0 0 0 ,24 0 0 0 0 ,44060000 0 0 0 0 ,126 0 0 0 0 
20160922,122122482,122122482,112947000,al1611.SHF,al1611,20160922,20160922,0( ),201986,121450000,121150000,121750000,123250000,121200000,123200000,106268,6496671750,195152,123200000,0,125950000,116300000,0,0,123200000 0 0 0 0 ,192 0 0 0 0 ,123150000 0 0 0 0 ,56 0 0 0 0 
20160922,122122482,122122482,112947000,al.SHF,al,20160922,20160922,0( ),201986,121450000,121150000,121750000,123250000,121200000,123200000,106268,6496671750,195152,123200000,0,125950000,116300000,0,0,123200000 0 0 0 0 ,192 0 0 0 0 ,123150000 0 0 0 0 ,56 0 0 0 0 
20160922,122122482,122122482,112947000,al01.SHF,al01,20160922,20160922,0( ),201986,121450000,121150000,121750000,123250000,121200000,123200000,106268,6496671750,195152,123200000,0,125950000,116300000,0,0,123200000 0 0 0 0 ,192 0 0 0 0 ,123150000 0 0 0 0 ,56 0 0 0 0 
20160922,122122482,122122482,112947000,al1612.SHF,al1612,20160922,20160922,0( ),126136,119650000,119500000,120000000,121300000,119500000,121250000,37012,2229982950,131602,121250000,0,124250000,114700000,0,0,121300000 0 0 0 0 ,283 0 0 0 0 ,121250000 0 0 0 0 ,4 0 0 0 0 
20160922,122122482,122122482,112947000,al02.SHF,al02,20160922,20160922,0( ),126136,119650000,119500000,120000000,121300000,119500000,121250000,37012,2229982950,131602,121250000,0,124250000,114700000,0,0,121300000 0 0 0 0 ,283 0 0 0 0 ,121250000 0 0 0 0 ,4 0 0 0 0 
20160922,122122482,122122482,112947000,al1701.SHF,al1701,20160922,20160922,0( ),59574,118600000,118550000,118600000,120000000,118450000,119950000,12778,762067450,60038,119950000,0,123250000,113800000,0,0,120000000 0 0 0 0 ,13 0 0 0 0 ,119900000 0 0 0 0 ,19 0 0 0 0 
20160922,122122482,122122482,112947000,al03.SHF,al03,20160922,20160922,0( ),59574,118600000,118550000,118600000,120000000,118450000,119950000,12778,762067450,60038,119950000,0,123250000,113800000,0,0,120000000 0 0 0 0 ,13 0 0 0 0 ,119900000 0 0 0 0 ,19 0 0 0 0 
20160922,122122482,122122482,112947000,bu1611.SHF,bu1611,20160922,20160922,0( ),290,17620000,17860000,17720000,17980000,17720000,17820000,46,821480,312,17820000,0,18920000,16780000,0,0,17820000 0 0 0 0 ,1 0 0 0 0 ,17700000 0 0 0 0 ,2 0 0 0 0 
20160922,122122482,122122482,112947000,bu01.SHF,bu01,20160922,20160922,0( ),290,17620000,17860000,17720000,17980000,17720000,17820000,46,821480,312,17820000,0,18920000,16780000,0,0,17820000 0 0 0 0 ,1 0 0 0 0 ,17700000 0 0 0 0 ,2 0 0 0 0 
20160922,122122482,122122482,112947000,bu1612.SHF,bu1612,20160922,20160922,0( ),1194688,18300000,18420000,18260000,18620000,18260000,18360000,702278,12963987840,1201952,18360000,0,19520000,17300000,0,0,18380000 0 0 0 0 ,1 0 0 0 0 ,18360000 0 0 0 0 ,925 0 0 0 0 
20160922,122122482,122122482,112947000,bu.SHF,bu,20160922,20160922,0( ),1194688,18300000,18420000,18260000,18620000,18260000,18360000,702278,12963987840,1201952,18360000,0,19520000,17300000,0,0,18380000 0 0 0 0 ,1 0 0 0 0 ,18360000 0 0 0 0 ,925 0 0 0 0 
20160922,122122482,122122482,112947000,bu02.SHF,bu02,20160922,20160922,0( ),1194688,18300000,18420000,18260000,18620000,18260000,18360000,702278,12963987840,1201952,18360000,0,19520000,17300000,0,0,18380000 0 0 0 0 ,1 0 0 0 0 ,18360000 0 0 0 0 ,925 0 0 0 0 
20160922,122122482,122122482,112947000,bu1701.SHF,bu1701,20160922,20160922,0( ),5340,18720000,18800000,18720000,18960000,18640000,18800000,1826,34416040,5478,18800000,0,19920000,17660000,0,0,18800000 0 0 0 0 ,5 0 0 0 0 ,18780000 0 0 0 0 ,1 0 0 0 0 
20160922,122122482,122122482,112947000,bu03.SHF,bu03,20160922,20160922,0( ),5340,18720000,18800000,18720000,18960000,18640000,18800000,1826,34416040,5478,18800000,0,19920000,17660000,0,0,18800000 0 0 0 0 ,5 0 0 0 0 ,18780000 0 0 0 0 ,1 0 0 0 0 
