日期, 本地时间, 服务器时间, 交易所时间, 万得代码, 原始代码, 业务发生日(自然日), 交易日,状态,前收,开盘价,最高价,最低价,最新价,申卖价,申卖量,申买价,申买量,成交笔数,成交总量,成交总金额,委托买入总量,委托卖出总量,加权平均委买价格,加权平均委卖价格,IOPV净值估值,到期收益率,涨停价,跌停价,证券信息前缀,市盈率1,市盈率2,升跌2（对比上一笔）
20160913,135448050,135448050,113004000,400002.PT,400002,20160913,20160913,0( ),92000,0,0,0,94300,0 0 0 0 0 0 0 0 0 0 ,0 0 0 0 0 0 0 0 0 0 ,0 0 0 0 0 0 0 0 0 0 ,0 0 0 0 0 0 0 0 0 0 ,0,0,0,0,0,0,0,0,0,0,0,0( ) 0( ) 0( ) 0( ) ,0,0,0
20160913,135448054,135448054,113004000,400005.PT,400005,20160913,20160913,0( ),19200,0,0,0,18800,0 0 0 0 0 0 0 0 0 0 ,0 0 0 0 0 0 0 0 0 0 ,0 0 0 0 0 0 0 0 0 0 ,0 0 0 0 0 0 0 0 0 0 ,0,0,0,0,0,0,0,0,0,0,0,0( ) 0( ) 0( ) 0( ) ,0,0,0
20160913,135448054,135448054,113004000,400006.PT,400006,20160913,20160913,0( ),22000,0,0,0,23000,0 0 0 0 0 0 0 0 0 0 ,0 0 0 0 0 0 0 0 0 0 ,0 0 0 0 0 0 0 0 0 0 ,0 0 0 0 0 0 0 0 0 0 ,0,0,0,0,0,0,0,0,0,0,0,0( ) 0( ) 0( ) 0( ) ,0,0,0
20160913,135448054,135448054,83436000,400007.PT,400007,20160913,20160913,0( ),16500,0,0,0,0,0 0 0 0 0 0 0 0 0 0 ,0 0 0 0 0 0 0 0 0 0 ,0 0 0 0 0 0 0 0 0 0 ,0 0 0 0 0 0 0 0 0 0 ,0,0,0,0,0,0,0,0,0,0,0,0( ) 0( ) 0( ) 0( ) ,0,0,0
20160913,135448054,135448054,83436000,400008.PT,400008,20160913,20160913,0( ),66400,0,0,0,0,0 0 0 0 0 0 0 0 0 0 ,0 0 0 0 0 0 0 0 0 0 ,0 0 0 0 0 0 0 0 0 0 ,0 0 0 0 0 0 0 0 0 0 ,0,0,0,0,0,0,0,0,0,0,0,0( ) 0( ) 0( ) 0( ) ,0,0,0
20160913,135448054,135448054,83436000,400009.PT,400009,20160913,20160913,0( ),26600,0,0,0,0,0 0 0 0 0 0 0 0 0 0 ,0 0 0 0 0 0 0 0 0 0 ,0 0 0 0 0 0 0 0 0 0 ,0 0 0 0 0 0 0 0 0 0 ,0,0,0,0,0,0,0,0,0,0,0,0( ) 0( ) 0( ) 0( ) ,0,0,0
20160913,135448054,135448054,113004000,400010.PT,400010,20160913,20160913,0( ),38000,0,0,0,37100,0 0 0 0 0 0 0 0 0 0 ,0 0 0 0 0 0 0 0 0 0 ,0 0 0 0 0 0 0 0 0 0 ,0 0 0 0 0 0 0 0 0 0 ,0,0,0,0,0,0,0,0,0,0,0,0( ) 0( ) 0( ) 0( ) ,0,0,0
20160913,135448054,135448054,83436000,400011.PT,400011,20160913,20160913,0( ),38500,0,0,0,0,0 0 0 0 0 0 0 0 0 0 ,0 0 0 0 0 0 0 0 0 0 ,0 0 0 0 0 0 0 0 0 0 ,0 0 0 0 0 0 0 0 0 0 ,0,0,0,0,0,0,0,0,0,0,0,0( ) 0( ) 0( ) 0( ) ,0,0,0
20160913,135448054,135448054,83436000,400012.PT,400012,20160913,20160913,0( ),12600,0,0,0,0,0 0 0 0 0 0 0 0 0 0 ,0 0 0 0 0 0 0 0 0 0 ,0 0 0 0 0 0 0 0 0 0 ,0 0 0 0 0 0 0 0 0 0 ,0,0,0,0,0,0,0,0,0,0,0,0( ) 0( ) 0( ) 0( ) ,0,0,0
20160913,135448054,135448054,83436000,400013.PT,400013,20160913,20160913,0( ),18600,0,0,0,0,0 0 0 0 0 0 0 0 0 0 ,0 0 0 0 0 0 0 0 0 0 ,0 0 0 0 0 0 0 0 0 0 ,0 0 0 0 0 0 0 0 0 0 ,0,0,0,0,0,0,0,0,0,0,0,0( ) 0( ) 0( ) 0( ) ,0,0,0
20160913,135448054,135448054,83436000,400016.PT,400016,20160913,20160913,0( ),20900,0,0,0,0,0 0 0 0 0 0 0 0 0 0 ,0 0 0 0 0 0 0 0 0 0 ,0 0 0 0 0 0 0 0 0 0 ,0 0 0 0 0 0 0 0 0 0 ,0,0,0,0,0,0,0,0,0,0,0,0( ) 0( ) 0( ) 0( ) ,0,0,0
20160913,135448054,135448054,83436000,400017.PT,400017,20160913,20160913,0( ),37100,0,0,0,0,0 0 0 0 0 0 0 0 0 0 ,0 0 0 0 0 0 0 0 0 0 ,0 0 0 0 0 0 0 0 0 0 ,0 0 0 0 0 0 0 0 0 0 ,0,0,0,0,0,0,0,0,0,0,0,0( ) 0( ) 0( ) 0( ) ,0,0,0
20160913,135448054,135448054,83436000,400018.PT,400018,20160913,20160913,0( ),56000,0,0,0,0,0 0 0 0 0 0 0 0 0 0 ,0 0 0 0 0 0 0 0 0 0 ,0 0 0 0 0 0 0 0 0 0 ,0 0 0 0 0 0 0 0 0 0 ,0,0,0,0,0,0,0,0,0,0,0,0( ) 0( ) 0( ) 0( ) ,0,0,0
20160913,135448054,135448054,83436000,400019.PT,400019,20160913,20160913,0( ),20300,0,0,0,0,0 0 0 0 0 0 0 0 0 0 ,0 0 0 0 0 0 0 0 0 0 ,0 0 0 0 0 0 0 0 0 0 ,0 0 0 0 0 0 0 0 0 0 ,0,0,0,0,0,0,0,0,0,0,0,0( ) 0( ) 0( ) 0( ) ,0,0,0
20160913,135448054,135448054,83436000,400020.PT,400020,20160913,20160913,0( ),12900,0,0,0,0,0 0 0 0 0 0 0 0 0 0 ,0 0 0 0 0 0 0 0 0 0 ,0 0 0 0 0 0 0 0 0 0 ,0 0 0 0 0 0 0 0 0 0 ,0,0,0,0,0,0,0,0,0,0,0,0( ) 0( ) 0( ) 0( ) ,0,0,0
20160913,135448054,135448054,83436000,400021.PT,400021,20160913,20160913,0( ),21200,0,0,0,0,0 0 0 0 0 0 0 0 0 0 ,0 0 0 0 0 0 0 0 0 0 ,0 0 0 0 0 0 0 0 0 0 ,0 0 0 0 0 0 0 0 0 0 ,0,0,0,0,0,0,0,0,0,0,0,0( ) 0( ) 0( ) 0( ) ,0,0,0
20160913,135448054,135448054,83436000,400022.PT,400022,20160913,20160913,0( ),27300,0,0,0,0,0 0 0 0 0 0 0 0 0 0 ,0 0 0 0 0 0 0 0 0 0 ,0 0 0 0 0 0 0 0 0 0 ,0 0 0 0 0 0 0 0 0 0 ,0,0,0,0,0,0,0,0,0,0,0,0( ) 0( ) 0( ) 0( ) ,0,0,0
20160913,135448054,135448054,83436000,400023.PT,400023,20160913,20160913,0( ),42000,0,0,0,0,0 0 0 0 0 0 0 0 0 0 ,0 0 0 0 0 0 0 0 0 0 ,0 0 0 0 0 0 0 0 0 0 ,0 0 0 0 0 0 0 0 0 0 ,0,0,0,0,0,0,0,0,0,0,0,0( ) 0( ) 0( ) 0( ) ,0,0,0
20160913,135448054,135448054,83436000,400025.PT,400025,20160913,20160913,0( ),44500,0,0,0,0,0 0 0 0 0 0 0 0 0 0 ,0 0 0 0 0 0 0 0 0 0 ,0 0 0 0 0 0 0 0 0 0 ,0 0 0 0 0 0 0 0 0 0 ,0,0,0,0,0,0,0,0,0,0,0,0( ) 0( ) 0( ) 0( ) ,0,0,0
20160913,135448054,135448054,83436000,400026.PT,400026,20160913,20160913,0( ),35200,0,0,0,0,0 0 0 0 0 0 0 0 0 0 ,0 0 0 0 0 0 0 0 0 0 ,0 0 0 0 0 0 0 0 0 0 ,0 0 0 0 0 0 0 0 0 0 ,0,0,0,0,0,0,0,0,0,0,0,0( ) 0( ) 0( ) 0( ) ,0,0,0
20160913,135448054,135448054,83436000,400027.PT,400027,20160913,20160913,0( ),18500,0,0,0,0,0 0 0 0 0 0 0 0 0 0 ,0 0 0 0 0 0 0 0 0 0 ,0 0 0 0 0 0 0 0 0 0 ,0 0 0 0 0 0 0 0 0 0 ,0,0,0,0,0,0,0,0,0,0,0,0( ) 0( ) 0( ) 0( ) ,0,0,0
20160913,135448054,135448054,83436000,400028.PT,400028,20160913,20160913,0( ),16300,0,0,0,0,0 0 0 0 0 0 0 0 0 0 ,0 0 0 0 0 0 0 0 0 0 ,0 0 0 0 0 0 0 0 0 0 ,0 0 0 0 0 0 0 0 0 0 ,0,0,0,0,0,0,0,0,0,0,0,0( ) 0( ) 0( ) 0( ) ,0,0,0
20160913,135448054,135448054,83436000,400029.PT,400029,20160913,20160913,0( ),30000,0,0,0,0,0 0 0 0 0 0 0 0 0 0 ,0 0 0 0 0 0 0 0 0 0 ,0 0 0 0 0 0 0 0 0 0 ,0 0 0 0 0 0 0 0 0 0 ,0,0,0,0,0,0,0,0,0,0,0,0( ) 0( ) 0( ) 0( ) ,0,0,0
20160913,135448054,135448054,83436000,400030.PT,400030,20160913,20160913,0( ),29000,0,0,0,0,0 0 0 0 0 0 0 0 0 0 ,0 0 0 0 0 0 0 0 0 0 ,0 0 0 0 0 0 0 0 0 0 ,0 0 0 0 0 0 0 0 0 0 ,0,0,0,0,0,0,0,0,0,0,0,0( ) 0( ) 0( ) 0( ) ,0,0,0
20160913,135448054,135448054,83436000,400031.PT,400031,20160913,20160913,0( ),13800,0,0,0,0,0 0 0 0 0 0 0 0 0 0 ,0 0 0 0 0 0 0 0 0 0 ,0 0 0 0 0 0 0 0 0 0 ,0 0 0 0 0 0 0 0 0 0 ,0,0,0,0,0,0,0,0,0,0,0,0( ) 0( ) 0( ) 0( ) ,0,0,0
20160913,135448054,135448054,83436000,400032.PT,400032,20160913,20160913,0( ),26600,0,0,0,0,0 0 0 0 0 0 0 0 0 0 ,0 0 0 0 0 0 0 0 0 0 ,0 0 0 0 0 0 0 0 0 0 ,0 0 0 0 0 0 0 0 0 0 ,0,0,0,0,0,0,0,0,0,0,0,0( ) 0( ) 0( ) 0( ) ,0,0,0
20160913,135448054,135448054,83436000,400033.PT,400033,20160913,20160913,0( ),28900,0,0,0,0,0 0 0 0 0 0 0 0 0 0 ,0 0 0 0 0 0 0 0 0 0 ,0 0 0 0 0 0 0 0 0 0 ,0 0 0 0 0 0 0 0 0 0 ,0,0,0,0,0,0,0,0,0,0,0,0( ) 0( ) 0( ) 0( ) ,0,0,0
20160913,135448054,135448054,83436000,400035.PT,400035,20160913,20160913,0( ),32200,0,0,0,0,0 0 0 0 0 0 0 0 0 0 ,0 0 0 0 0 0 0 0 0 0 ,0 0 0 0 0 0 0 0 0 0 ,0 0 0 0 0 0 0 0 0 0 ,0,0,0,0,0,0,0,0,0,0,0,0( ) 0( ) 0( ) 0( ) ,0,0,0
20160913,135448054,135448054,83436000,400036.PT,400036,20160913,20160913,0( ),60800,0,0,0,0,0 0 0 0 0 0 0 0 0 0 ,0 0 0 0 0 0 0 0 0 0 ,0 0 0 0 0 0 0 0 0 0 ,0 0 0 0 0 0 0 0 0 0 ,0,0,0,0,0,0,0,0,0,0,0,0( ) 0( ) 0( ) 0( ) ,0,0,0
20160913,135448054,135448054,83436000,400037.PT,400037,20160913,20160913,0( ),22700,0,0,0,0,0 0 0 0 0 0 0 0 0 0 ,0 0 0 0 0 0 0 0 0 0 ,0 0 0 0 0 0 0 0 0 0 ,0 0 0 0 0 0 0 0 0 0 ,0,0,0,0,0,0,0,0,0,0,0,0( ) 0( ) 0( ) 0( ) ,0,0,0
20160913,135448054,135448054,103004000,400038.PT,400038,20160913,20160913,0( ),67600,0,0,0,69000,0 0 0 0 0 0 0 0 0 0 ,0 0 0 0 0 0 0 0 0 0 ,0 0 0 0 0 0 0 0 0 0 ,0 0 0 0 0 0 0 0 0 0 ,0,0,0,0,0,0,0,0,0,0,0,0( ) 0( ) 0( ) 0( ) ,0,0,0
20160913,135448054,135448054,83436000,400039.PT,400039,20160913,20160913,0( ),10000,0,0,0,0,0 0 0 0 0 0 0 0 0 0 ,0 0 0 0 0 0 0 0 0 0 ,0 0 0 0 0 0 0 0 0 0 ,0 0 0 0 0 0 0 0 0 0 ,0,0,0,0,0,0,0,0,0,0,0,0( ) 0( ) 0( ) 0( ) ,0,0,0
20160913,135448054,135448054,83436000,400040.PT,400040,20160913,20160913,0( ),50200,0,0,0,0,0 0 0 0 0 0 0 0 0 0 ,0 0 0 0 0 0 0 0 0 0 ,0 0 0 0 0 0 0 0 0 0 ,0 0 0 0 0 0 0 0 0 0 ,0,0,0,0,0,0,0,0,0,0,0,0( ) 0( ) 0( ) 0( ) ,0,0,0
20160913,135448054,135448054,83436000,400041.PT,400041,20160913,20160913,0( ),29900,0,0,0,0,0 0 0 0 0 0 0 0 0 0 ,0 0 0 0 0 0 0 0 0 0 ,0 0 0 0 0 0 0 0 0 0 ,0 0 0 0 0 0 0 0 0 0 ,0,0,0,0,0,0,0,0,0,0,0,0( ) 0( ) 0( ) 0( ) ,0,0,0
20160913,135448054,135448054,83436000,400042.PT,400042,20160913,20160913,0( ),33500,0,0,0,0,0 0 0 0 0 0 0 0 0 0 ,0 0 0 0 0 0 0 0 0 0 ,0 0 0 0 0 0 0 0 0 0 ,0 0 0 0 0 0 0 0 0 0 ,0,0,0,0,0,0,0,0,0,0,0,0( ) 0( ) 0( ) 0( ) ,0,0,0
20160913,135448054,135448054,83436000,400043.PT,400043,20160913,20160913,0( ),52000,0,0,0,0,0 0 0 0 0 0 0 0 0 0 ,0 0 0 0 0 0 0 0 0 0 ,0 0 0 0 0 0 0 0 0 0 ,0 0 0 0 0 0 0 0 0 0 ,0,0,0,0,0,0,0,0,0,0,0,0( ) 0( ) 0( ) 0( ) ,0,0,0
20160913,135448054,135448054,83436000,400044.PT,400044,20160913,20160913,0( ),30200,0,0,0,0,0 0 0 0 0 0 0 0 0 0 ,0 0 0 0 0 0 0 0 0 0 ,0 0 0 0 0 0 0 0 0 0 ,0 0 0 0 0 0 0 0 0 0 ,0,0,0,0,0,0,0,0,0,0,0,0( ) 0( ) 0( ) 0( ) ,0,0,0
20160913,135448054,135448054,83436000,400045.PT,400045,20160913,20160913,0( ),21700,0,0,0,0,0 0 0 0 0 0 0 0 0 0 ,0 0 0 0 0 0 0 0 0 0 ,0 0 0 0 0 0 0 0 0 0 ,0 0 0 0 0 0 0 0 0 0 ,0,0,0,0,0,0,0,0,0,0,0,0( ) 0( ) 0( ) 0( ) ,0,0,0
20160913,135448054,135448054,83436000,400046.PT,400046,20160913,20160913,0( ),23400,0,0,0,0,0 0 0 0 0 0 0 0 0 0 ,0 0 0 0 0 0 0 0 0 0 ,0 0 0 0 0 0 0 0 0 0 ,0 0 0 0 0 0 0 0 0 0 ,0,0,0,0,0,0,0,0,0,0,0,0( ) 0( ) 0( ) 0( ) ,0,0,0
20160913,135448054,135448054,83436000,400048.PT,400048,20160913,20160913,0( ),21000,0,0,0,0,0 0 0 0 0 0 0 0 0 0 ,0 0 0 0 0 0 0 0 0 0 ,0 0 0 0 0 0 0 0 0 0 ,0 0 0 0 0 0 0 0 0 0 ,0,0,0,0,0,0,0,0,0,0,0,0( ) 0( ) 0( ) 0( ) ,0,0,0
20160913,135448054,135448054,83436000,400049.PT,400049,20160913,20160913,0( ),34500,0,0,0,0,0 0 0 0 0 0 0 0 0 0 ,0 0 0 0 0 0 0 0 0 0 ,0 0 0 0 0 0 0 0 0 0 ,0 0 0 0 0 0 0 0 0 0 ,0,0,0,0,0,0,0,0,0,0,0,0( ) 0( ) 0( ) 0( ) ,0,0,0
20160913,135448054,135448054,83436000,400050.PT,400050,20160913,20160913,0( ),24100,0,0,0,0,0 0 0 0 0 0 0 0 0 0 ,0 0 0 0 0 0 0 0 0 0 ,0 0 0 0 0 0 0 0 0 0 ,0 0 0 0 0 0 0 0 0 0 ,0,0,0,0,0,0,0,0,0,0,0,0( ) 0( ) 0( ) 0( ) ,0,0,0
20160913,135448054,135448054,83436000,400051.PT,400051,20160913,20160913,0( ),27800,0,0,0,0,0 0 0 0 0 0 0 0 0 0 ,0 0 0 0 0 0 0 0 0 0 ,0 0 0 0 0 0 0 0 0 0 ,0 0 0 0 0 0 0 0 0 0 ,0,0,0,0,0,0,0,0,0,0,0,0( ) 0( ) 0( ) 0( ) ,0,0,0
20160913,135448054,135448054,83436000,400052.PT,400052,20160913,20160913,0( ),30700,0,0,0,0,0 0 0 0 0 0 0 0 0 0 ,0 0 0 0 0 0 0 0 0 0 ,0 0 0 0 0 0 0 0 0 0 ,0 0 0 0 0 0 0 0 0 0 ,0,0,0,0,0,0,0,0,0,0,0,0( ) 0( ) 0( ) 0( ) ,0,0,0
20160913,135448054,135448054,83436000,400053.PT,400053,20160913,20160913,0( ),27700,0,0,0,0,0 0 0 0 0 0 0 0 0 0 ,0 0 0 0 0 0 0 0 0 0 ,0 0 0 0 0 0 0 0 0 0 ,0 0 0 0 0 0 0 0 0 0 ,0,0,0,0,0,0,0,0,0,0,0,0( ) 0( ) 0( ) 0( ) ,0,0,0
20160913,135448054,135448054,83436000,400054.PT,400054,20160913,20160913,0( ),12300,0,0,0,0,0 0 0 0 0 0 0 0 0 0 ,0 0 0 0 0 0 0 0 0 0 ,0 0 0 0 0 0 0 0 0 0 ,0 0 0 0 0 0 0 0 0 0 ,0,0,0,0,0,0,0,0,0,0,0,0( ) 0( ) 0( ) 0( ) ,0,0,0
20160913,135448054,135448054,83436000,400055.PT,400055,20160913,20160913,0( ),26000,0,0,0,0,0 0 0 0 0 0 0 0 0 0 ,0 0 0 0 0 0 0 0 0 0 ,0 0 0 0 0 0 0 0 0 0 ,0 0 0 0 0 0 0 0 0 0 ,0,0,0,0,0,0,0,0,0,0,0,0( ) 0( ) 0( ) 0( ) ,0,0,0
20160913,135448054,135448054,83436000,400056.PT,400056,20160913,20160913,0( ),24200,0,0,0,0,0 0 0 0 0 0 0 0 0 0 ,0 0 0 0 0 0 0 0 0 0 ,0 0 0 0 0 0 0 0 0 0 ,0 0 0 0 0 0 0 0 0 0 ,0,0,0,0,0,0,0,0,0,0,0,0( ) 0( ) 0( ) 0( ) ,0,0,0
20160913,135448054,135448054,83436000,400057.PT,400057,20160913,20160913,0( ),47600,0,0,0,0,0 0 0 0 0 0 0 0 0 0 ,0 0 0 0 0 0 0 0 0 0 ,0 0 0 0 0 0 0 0 0 0 ,0 0 0 0 0 0 0 0 0 0 ,0,0,0,0,0,0,0,0,0,0,0,0( ) 0( ) 0( ) 0( ) ,0,0,0
20160913,135448054,135448054,83436000,400059.PT,400059,20160913,20160913,0( ),150900,0,0,0,0,0 0 0 0 0 0 0 0 0 0 ,0 0 0 0 0 0 0 0 0 0 ,0 0 0 0 0 0 0 0 0 0 ,0 0 0 0 0 0 0 0 0 0 ,0,0,0,0,0,0,0,0,0,0,0,0( ) 0( ) 0( ) 0( ) ,0,0,0
20160913,135448054,135448054,103004000,400060.PT,400060,20160913,20160913,0( ),22600,0,0,0,23700,0 0 0 0 0 0 0 0 0 0 ,0 0 0 0 0 0 0 0 0 0 ,0 0 0 0 0 0 0 0 0 0 ,0 0 0 0 0 0 0 0 0 0 ,0,0,0,0,0,0,0,0,0,0,0,0( ) 0( ) 0( ) 0( ) ,0,0,0
20160913,135448054,135448054,113004000,400061.PT,400061,20160913,20160913,0( ),30800,0,0,0,30700,0 0 0 0 0 0 0 0 0 0 ,0 0 0 0 0 0 0 0 0 0 ,0 0 0 0 0 0 0 0 0 0 ,0 0 0 0 0 0 0 0 0 0 ,0,0,0,0,0,0,0,0,0,0,0,0( ) 0( ) 0( ) 0( ) ,0,0,0
20160913,135448054,135448054,83436000,400062.PT,400062,20160913,20160913,0( ),30000,0,0,0,0,0 0 0 0 0 0 0 0 0 0 ,0 0 0 0 0 0 0 0 0 0 ,0 0 0 0 0 0 0 0 0 0 ,0 0 0 0 0 0 0 0 0 0 ,0,0,0,0,0,0,0,0,0,0,0,0( ) 0( ) 0( ) 0( ) ,0,0,0
20160913,135448054,135448054,83436000,400064.PT,400064,20160913,20160913,0( ),14500,0,0,0,0,0 0 0 0 0 0 0 0 0 0 ,0 0 0 0 0 0 0 0 0 0 ,0 0 0 0 0 0 0 0 0 0 ,0 0 0 0 0 0 0 0 0 0 ,0,0,0,0,0,0,0,0,0,0,0,0( ) 0( ) 0( ) 0( ) ,0,0,0
20160913,135448054,135448054,83436000,420008.PT,420008,20160913,20160913,0( ),2780,0,0,0,0,0 0 0 0 0 0 0 0 0 0 ,0 0 0 0 0 0 0 0 0 0 ,0 0 0 0 0 0 0 0 0 0 ,0 0 0 0 0 0 0 0 0 0 ,0,0,0,0,0,0,0,0,0,0,0,0( ) 0( ) 0( ) 0( ) ,0,0,0
20160913,135448054,135448054,83436000,420011.PT,420011,20160913,20160913,0( ),2370,0,0,0,0,0 0 0 0 0 0 0 0 0 0 ,0 0 0 0 0 0 0 0 0 0 ,0 0 0 0 0 0 0 0 0 0 ,0 0 0 0 0 0 0 0 0 0 ,0,0,0,0,0,0,0,0,0,0,0,0( ) 0( ) 0( ) 0( ) ,0,0,0
20160913,135448054,135448054,83436000,420016.PT,420016,20160913,20160913,0( ),1700,0,0,0,0,0 0 0 0 0 0 0 0 0 0 ,0 0 0 0 0 0 0 0 0 0 ,0 0 0 0 0 0 0 0 0 0 ,0 0 0 0 0 0 0 0 0 0 ,0,0,0,0,0,0,0,0,0,0,0,0( ) 0( ) 0( ) 0( ) ,0,0,0
20160913,135448054,135448054,83436000,420032.PT,420032,20160913,20160913,0( ),2950,0,0,0,0,0 0 0 0 0 0 0 0 0 0 ,0 0 0 0 0 0 0 0 0 0 ,0 0 0 0 0 0 0 0 0 0 ,0 0 0 0 0 0 0 0 0 0 ,0,0,0,0,0,0,0,0,0,0,0,0( ) 0( ) 0( ) 0( ) ,0,0,0
20160913,135448054,135448054,83436000,420047.PT,420047,20160913,20160913,0( ),2850,0,0,0,0,0 0 0 0 0 0 0 0 0 0 ,0 0 0 0 0 0 0 0 0 0 ,0 0 0 0 0 0 0 0 0 0 ,0 0 0 0 0 0 0 0 0 0 ,0,0,0,0,0,0,0,0,0,0,0,0( ) 0( ) 0( ) 0( ) ,0,0,0
20160913,135448054,135448054,83436000,420058.PT,420058,20160913,20160913,0( ),4970,0,0,0,0,0 0 0 0 0 0 0 0 0 0 ,0 0 0 0 0 0 0 0 0 0 ,0 0 0 0 0 0 0 0 0 0 ,0 0 0 0 0 0 0 0 0 0 ,0,0,0,0,0,0,0,0,0,0,0,0( ) 0( ) 0( ) 0( ) ,0,0,0
20160913,135448054,135448054,83436000,420063.PT,420063,20160913,20160913,0( ),8400,0,0,0,0,0 0 0 0 0 0 0 0 0 0 ,0 0 0 0 0 0 0 0 0 0 ,0 0 0 0 0 0 0 0 0 0 ,0 0 0 0 0 0 0 0 0 0 ,0,0,0,0,0,0,0,0,0,0,0,0( ) 0( ) 0( ) 0( ) ,0,0,0
20160913,135448054,135448054,133752000,430002.PT,430002,20160913,20160913,0( ),121100,119000,126500,119000,120000,124000 0 126500 0 126600 0 0 0 0 0 ,1000 0 6000 0 2000 0 0 0 0 0 ,119000 0 118500 0 118100 0 0 0 0 0 ,21000 0 5000 0 3000 0 0 0 0 0 ,0,12000,143650,0,0,0,0,0,0,0,0,0( ) 0( ) 0( ) 0( ) ,0,0,0
20160913,135448054,135448054,83436000,430003.PT,430003,20160913,20160913,0( ),32000,0,0,0,0,0 0 0 0 0 0 0 0 0 0 ,0 0 0 0 0 0 0 0 0 0 ,0 0 0 0 0 0 0 0 0 0 ,0 0 0 0 0 0 0 0 0 0 ,0,0,0,0,0,0,0,0,0,0,0,0( ) 0( ) 0( ) 0( ) ,0,0,0
20160913,135448054,135448054,133241000,430004.PT,430004,20160913,20160913,0( ),10600,0,0,0,0,15500 0 19700 0 19800 0 0 0 0 0 ,55000 0 14000 0 2000 0 0 0 0 0 ,10000 0 8800 0 7400 0 0 0 0 0 ,1000 0 11000 0 10000 0 0 0 0 0 ,0,0,0,0,0,0,0,0,0,0,0,0( ) 0( ) 0( ) 0( ) ,0,0,0
20160913,135448054,135448054,135340000,430005.PT,430005,20160913,20160913,0( ),243800,245000,245000,242000,243000,244500 0 245000 0 249500 0 0 0 0 0 ,2000 0 32000 0 3000 0 0 0 0 0 ,241000 0 240500 0 240000 0 0 0 0 0 ,6000 0 2000 0 1000 0 0 0 0 0 ,0,21000,513650,0,0,0,0,0,0,0,0,0( ) 0( ) 0( ) 0( ) ,0,0,0
20160913,135448054,135448054,132628000,430009.PT,430009,20160913,20160913,0( ),40800,0,0,0,0,40800 0 41500 0 41700 0 0 0 0 0 ,15000 0 5000 0 3000 0 0 0 0 0 ,40800 0 39000 0 38500 0 0 0 0 0 ,20000 0 5000 0 10000 0 0 0 0 0 ,0,0,0,0,0,0,0,0,0,0,0,0( ) 0( ) 0( ) 0( ) ,0,0,0
20160913,135448054,135448054,131917000,430010.PT,430010,20160913,20160913,0( ),36000,0,0,0,0,35700 0 35800 0 36000 0 0 0 0 0 ,9000 0 5000 0 105000 0 0 0 0 0 ,15200 0 5000 0 0 0 0 0 0 0 ,10000 0 10000 0 0 0 0 0 0 0 ,0,0,0,0,0,0,0,0,0,0,0,0( ) 0( ) 0( ) 0( ) ,0,0,0
20160913,135448054,135448054,83436000,430011.PT,430011,20160913,20160913,0( ),116900,0,0,0,0,0 0 0 0 0 0 0 0 0 0 ,0 0 0 0 0 0 0 0 0 0 ,0 0 0 0 0 0 0 0 0 0 ,0 0 0 0 0 0 0 0 0 0 ,0,0,0,0,0,0,0,0,0,0,0,0( ) 0( ) 0( ) 0( ) ,0,0,0
20160913,135448054,135448054,133940000,430014.PT,430014,20160913,20160913,0( ),41800,42000,42400,41600,42400,42500 0 43000 0 43100 0 0 0 0 0 ,1000 0 3000 0 1000 0 0 0 0 0 ,41800 0 41000 0 40900 0 0 0 0 0 ,1000 0 1000 0 3000 0 0 0 0 0 ,0,11000,46040,0,0,0,0,0,0,0,0,0( ) 0( ) 0( ) 0( ) ,0,0,0
20160913,135448054,135448054,135216000,430015.PT,430015,20160913,20160913,0( ),10500,0,0,0,0,27600 0 27700 0 27800 0 0 0 0 0 ,2000 0 3000 0 2000 0 0 0 0 0 ,10000 0 0 0 0 0 0 0 0 0 ,10000 0 0 0 0 0 0 0 0 0 ,0,0,0,0,0,0,0,0,0,0,0,0( ) 0( ) 0( ) 0( ) ,0,0,0
20160913,135448054,135448054,111404000,430016.PT,430016,20160913,20160913,0( ),14000,13000,13000,13000,13000,44600 0 44700 0 44800 0 0 0 0 0 ,17000 0 1000 0 5000 0 0 0 0 0 ,13100 0 13000 0 10300 0 0 0 0 0 ,2000 0 5000 0 5000 0 0 0 0 0 ,0,4000,5200,0,0,0,0,0,0,0,0,0( ) 0( ) 0( ) 0( ) ,0,0,0
20160913,135448054,135448054,134353000,430017.PT,430017,20160913,20160913,0( ),230100,210000,210000,210000,210000,215000 0 218000 0 220000 0 0 0 0 0 ,1000 0 1000 0 6000 0 0 0 0 0 ,175000 0 170000 0 0 0 0 0 0 0 ,1000 0 2000 0 0 0 0 0 0 0 ,0,1000,21000,0,0,0,0,0,0,0,0,0( ) 0( ) 0( ) 0( ) ,0,0,0
20160913,135448054,135448054,83436000,430019.PT,430019,20160913,20160913,0( ),230000,0,0,0,0,0 0 0 0 0 0 0 0 0 0 ,0 0 0 0 0 0 0 0 0 0 ,0 0 0 0 0 0 0 0 0 0 ,0 0 0 0 0 0 0 0 0 0 ,0,0,0,0,0,0,0,0,0,0,0,0( ) 0( ) 0( ) 0( ) ,0,0,0
20160913,135448054,135448054,83436000,430020.PT,430020,20160913,20160913,0( ),10000,0,0,0,0,0 0 0 0 0 0 0 0 0 0 ,0 0 0 0 0 0 0 0 0 0 ,0 0 0 0 0 0 0 0 0 0 ,0 0 0 0 0 0 0 0 0 0 ,0,0,0,0,0,0,0,0,0,0,0,0( ) 0( ) 0( ) 0( ) ,0,0,0
20160913,135448054,135448054,134817000,430021.PT,430021,20160913,20160913,0( ),143000,145800,145800,142200,144400,144400 0 144500 0 145200 0 0 0 0 0 ,9000 0 11000 0 10000 0 0 0 0 0 ,142200 0 142000 0 141000 0 0 0 0 0 ,11000 0 10000 0 5000 0 0 0 0 0 ,0,33000,472440,0,0,0,0,0,0,0,0,0( ) 0( ) 0( ) 0( ) ,0,0,0
20160913,135448054,135448054,93004000,430022.PT,430022,20160913,20160913,0( ),36200,0,0,0,0,35900 0 36000 0 0 0 0 0 0 0 ,3000 0 7000 0 0 0 0 0 0 0 ,34300 0 34200 0 0 0 0 0 0 0 ,1000 0 4000 0 0 0 0 0 0 0 ,0,0,0,0,0,0,0,0,0,0,0,0( ) 0( ) 0( ) 0( ) ,0,0,0
20160913,135448054,135448054,93004000,430024.PT,430024,20160913,20160913,0( ),47000,0,0,0,0,48400 0 0 0 0 0 0 0 0 0 ,2000 0 0 0 0 0 0 0 0 0 ,46000 0 0 0 0 0 0 0 0 0 ,2000 0 0 0 0 0 0 0 0 0 ,0,0,0,0,0,0,0,0,0,0,0,0( ) 0( ) 0( ) 0( ) ,0,0,0
20160913,135448054,135448054,130016000,430025.PT,430025,20160913,20160913,0( ),21200,0,0,0,0,40000 0 50000 0 0 0 0 0 0 0 ,2000 0 13000 0 0 0 0 0 0 0 ,15500 0 15400 0 15200 0 0 0 0 0 ,5000 0 5000 0 5000 0 0 0 0 0 ,0,0,0,0,0,0,0,0,0,0,0,0( ) 0( ) 0( ) 0( ) ,0,0,0
20160913,135448054,135448054,134716000,430027.PT,430027,20160913,20160913,0( ),11200,11100,11100,10500,10600,11000 0 0 0 0 0 0 0 0 0 ,6000 0 0 0 0 0 0 0 0 0 ,10500 0 0 0 0 0 0 0 0 0 ,6000 0 0 0 0 0 0 0 0 0 ,0,111000,120550,0,0,0,0,0,0,0,0,0( ) 0( ) 0( ) 0( ) ,0,0,0
20160913,135448054,135448054,100952000,430028.PT,430028,20160913,20160913,0( ),30000,0,0,0,0,40000 0 50000 0 0 0 0 0 0 0 ,5000 0 5000 0 0 0 0 0 0 0 ,30000 0 20000 0 0 0 0 0 0 0 ,3000 0 3000 0 0 0 0 0 0 0 ,0,0,0,0,0,0,0,0,0,0,0,0( ) 0( ) 0( ) 0( ) ,0,0,0
20160913,135448054,135448054,104941000,430029.PT,430029,20160913,20160913,0( ),11200,10800,10800,10800,10800,11100 0 11200 0 0 0 0 0 0 0 ,10000 0 2000 0 0 0 0 0 0 0 ,10700 0 10600 0 0 0 0 0 0 0 ,1000 0 1000 0 0 0 0 0 0 0 ,0,3000,3240,0,0,0,0,0,0,0,0,0( ) 0( ) 0( ) 0( ) ,0,0,0
20160913,135448054,135448054,93004000,430032.PT,430032,20160913,20160913,0( ),73500,0,0,0,0,75900 0 0 0 0 0 0 0 0 0 ,6000 0 0 0 0 0 0 0 0 0 ,72200 0 0 0 0 0 0 0 0 0 ,4000 0 0 0 0 0 0 0 0 0 ,0,0,0,0,0,0,0,0,0,0,0,0( ) 0( ) 0( ) 0( ) ,0,0,0
20160913,135448054,135448054,133653000,430033.PT,430033,20160913,20160913,0( ),12600,12200,12200,12200,12200,12400 0 12500 0 12700 0 0 0 0 0 ,1000 0 5000 0 2000 0 0 0 0 0 ,12100 0 11900 0 11800 0 0 0 0 0 ,2000 0 3000 0 1000 0 0 0 0 0 ,0,3000,3660,0,0,0,0,0,0,0,0,0( ) 0( ) 0( ) 0( ) ,0,0,0
20160913,135448054,135448054,83436000,430034.PT,430034,20160913,20160913,0( ),8000,0,0,0,0,0 0 0 0 0 0 0 0 0 0 ,0 0 0 0 0 0 0 0 0 0 ,0 0 0 0 0 0 0 0 0 0 ,0 0 0 0 0 0 0 0 0 0 ,0,0,0,0,0,0,0,0,0,0,0,0( ) 0( ) 0( ) 0( ) ,0,0,0
20160913,135448054,135448054,83436000,430035.PT,430035,20160913,20160913,0( ),57100,0,0,0,0,0 0 0 0 0 0 0 0 0 0 ,0 0 0 0 0 0 0 0 0 0 ,0 0 0 0 0 0 0 0 0 0 ,0 0 0 0 0 0 0 0 0 0 ,0,0,0,0,0,0,0,0,0,0,0,0( ) 0( ) 0( ) 0( ) ,0,0,0
20160913,135448054,135448054,83436000,430036.PT,430036,20160913,20160913,0( ),60000,0,0,0,0,0 0 0 0 0 0 0 0 0 0 ,0 0 0 0 0 0 0 0 0 0 ,0 0 0 0 0 0 0 0 0 0 ,0 0 0 0 0 0 0 0 0 0 ,0,0,0,0,0,0,0,0,0,0,0,0( ) 0( ) 0( ) 0( ) ,0,0,0
20160913,135448054,135448054,134053000,430037.PT,430037,20160913,20160913,0( ),43600,43800,45200,43800,44900,45100 0 45400 0 45500 0 0 0 0 0 ,5000 0 6000 0 1000 0 0 0 0 0 ,44900 0 44700 0 44400 0 0 0 0 0 ,6000 0 1000 0 10000 0 0 0 0 0 ,0,71000,315700,0,0,0,0,0,0,0,0,0( ) 0( ) 0( ) 0( ) ,0,0,0
20160913,135448054,135448054,93052000,430038.PT,430038,20160913,20160913,0( ),46100,0,0,0,0,46500 0 46600 0 46800 0 0 0 0 0 ,3000 0 1000 0 3000 0 0 0 0 0 ,44500 0 44300 0 44200 0 0 0 0 0 ,6000 0 1000 0 3000 0 0 0 0 0 ,0,0,0,0,0,0,0,0,0,0,0,0( ) 0( ) 0( ) 0( ) ,0,0,0
20160913,135448054,135448054,83436000,430039.PT,430039,20160913,20160913,0( ),100000,0,0,0,0,0 0 0 0 0 0 0 0 0 0 ,0 0 0 0 0 0 0 0 0 0 ,0 0 0 0 0 0 0 0 0 0 ,0 0 0 0 0 0 0 0 0 0 ,0,0,0,0,0,0,0,0,0,0,0,0( ) 0( ) 0( ) 0( ) ,0,0,0
20160913,135448054,135448054,102540000,430041.PT,430041,20160913,20160913,0( ),20000,19500,20000,19500,20000,20000 0 20200 0 0 0 0 0 0 0 ,2000 0 1000 0 0 0 0 0 0 0 ,19200 0 19000 0 0 0 0 0 0 0 ,1000 0 2000 0 0 0 0 0 0 0 ,0,4000,7850,0,0,0,0,0,0,0,0,0( ) 0( ) 0( ) 0( ) ,0,0,0
20160913,135448054,135448054,83436000,430042.PT,430042,20160913,20160913,0( ),50000,0,0,0,0,0 0 0 0 0 0 0 0 0 0 ,0 0 0 0 0 0 0 0 0 0 ,0 0 0 0 0 0 0 0 0 0 ,0 0 0 0 0 0 0 0 0 0 ,0,0,0,0,0,0,0,0,0,0,0,0( ) 0( ) 0( ) 0( ) ,0,0,0
20160913,135448054,135448054,83436000,430044.PT,430044,20160913,20160913,0( ),14100,0,0,0,0,0 0 0 0 0 0 0 0 0 0 ,0 0 0 0 0 0 0 0 0 0 ,0 0 0 0 0 0 0 0 0 0 ,0 0 0 0 0 0 0 0 0 0 ,0,0,0,0,0,0,0,0,0,0,0,0( ) 0( ) 0( ) 0( ) ,0,0,0
20160913,135448054,135448054,93004000,430046.PT,430046,20160913,20160913,0( ),35000,0,0,0,0,35500 0 35800 0 36300 0 0 0 0 0 ,1000 0 1000 0 1000 0 0 0 0 0 ,34500 0 34100 0 33800 0 0 0 0 0 ,1000 0 1000 0 1000 0 0 0 0 0 ,0,0,0,0,0,0,0,0,0,0,0,0( ) 0( ) 0( ) 0( ) ,0,0,0
20160913,135448054,135448054,103351000,430047.PT,430047,20160913,20160913,0( ),170000,0,0,0,0,160000 0 170000 0 175000 0 0 0 0 0 ,2000 0 6000 0 2000 0 0 0 0 0 ,100 0 0 0 0 0 0 0 0 0 ,20000 0 0 0 0 0 0 0 0 0 ,0,0,0,0,0,0,0,0,0,0,0,0( ) 0( ) 0( ) 0( ) ,0,0,0
20160913,135448054,135448054,110340000,430048.PT,430048,20160913,20160913,0( ),33000,0,0,0,0,33000 0 36000 0 0 0 0 0 0 0 ,14000 0 40000 0 0 0 0 0 0 0 ,20000 0 0 0 0 0 0 0 0 0 ,50000 0 0 0 0 0 0 0 0 0 ,0,0,0,0,0,0,0,0,0,0,0,0( ) 0( ) 0( ) 0( ) ,0,0,0
20160913,135448054,135448054,133340000,430051.PT,430051,20160913,20160913,0( ),89500,89900,89900,89500,89500,89700 0 89800 0 90000 0 0 0 0 0 ,5000 0 6000 0 3000 0 0 0 0 0 ,89300 0 89200 0 88600 0 0 0 0 0 ,10000 0 1000 0 30000 0 0 0 0 0 ,0,3000,26910,0,0,0,0,0,0,0,0,0( ) 0( ) 0( ) 0( ) ,0,0,0
20160913,135448054,135448054,83436000,430052.PT,430052,20160913,20160913,0( ),8400,0,0,0,0,0 0 0 0 0 0 0 0 0 0 ,0 0 0 0 0 0 0 0 0 0 ,0 0 0 0 0 0 0 0 0 0 ,0 0 0 0 0 0 0 0 0 0 ,0,0,0,0,0,0,0,0,0,0,0,0( ) 0( ) 0( ) 0( ) ,0,0,0
20160913,135448054,135448054,93004000,430053.PT,430053,20160913,20160913,0( ),60300,0,0,0,0,62100 0 0 0 0 0 0 0 0 0 ,3000 0 0 0 0 0 0 0 0 0 ,59000 0 0 0 0 0 0 0 0 0 ,3000 0 0 0 0 0 0 0 0 0 ,0,0,0,0,0,0,0,0,0,0,0,0( ) 0( ) 0( ) 0( ) ,0,0,0
20160913,135448054,135448054,93440000,430054.PT,430054,20160913,20160913,0( ),65500,0,0,0,0,66800 0 67300 0 67500 0 0 0 0 0 ,2000 0 1000 0 3000 0 0 0 0 0 ,65000 0 64500 0 64400 0 0 0 0 0 ,1000 0 2000 0 1000 0 0 0 0 0 ,0,0,0,0,0,0,0,0,0,0,0,0( ) 0( ) 0( ) 0( ) ,0,0,0
20160913,135448054,135448054,132429000,430055.PT,430055,20160913,20160913,0( ),30400,30000,30000,30000,30000,30500 0 30600 0 31000 0 0 0 0 0 ,2000 0 1000 0 3000 0 0 0 0 0 ,29900 0 29800 0 29500 0 0 0 0 0 ,1000 0 1000 0 3000 0 0 0 0 0 ,0,4000,12000,0,0,0,0,0,0,0,0,0( ) 0( ) 0( ) 0( ) ,0,0,0
20160913,135448054,135448054,111528000,430056.PT,430056,20160913,20160913,0( ),60500,0,0,0,0,65000 0 70000 0 180000 0 0 0 0 0 ,1000 0 1000 0 1000 0 0 0 0 0 ,58000 0 56000 0 55100 0 0 0 0 0 ,10000 0 20000 0 21000 0 0 0 0 0 ,0,0,0,0,0,0,0,0,0,0,0,0( ) 0( ) 0( ) 0( ) ,0,0,0
20160913,135448054,135448054,130216000,430057.PT,430057,20160913,20160913,0( ),30000,28700,28700,28700,28700,29400 0 29700 0 29800 0 0 0 0 0 ,1000 0 1000 0 1000 0 0 0 0 0 ,28400 0 28300 0 28000 0 0 0 0 0 ,1000 0 1000 0 1000 0 0 0 0 0 ,0,3000,8610,0,0,0,0,0,0,0,0,0( ) 0( ) 0( ) 0( ) ,0,0,0
20160913,135448054,135448054,83436000,430058.PT,430058,20160913,20160913,0( ),33000,0,0,0,0,0 0 0 0 0 0 0 0 0 0 ,0 0 0 0 0 0 0 0 0 0 ,0 0 0 0 0 0 0 0 0 0 ,0 0 0 0 0 0 0 0 0 0 ,0,0,0,0,0,0,0,0,0,0,0,0( ) 0( ) 0( ) 0( ) ,0,0,0
20160913,135448054,135448054,83436000,430059.PT,430059,20160913,20160913,0( ),17900,0,0,0,0,0 0 0 0 0 0 0 0 0 0 ,0 0 0 0 0 0 0 0 0 0 ,0 0 0 0 0 0 0 0 0 0 ,0 0 0 0 0 0 0 0 0 0 ,0,0,0,0,0,0,0,0,0,0,0,0( ) 0( ) 0( ) 0( ) ,0,0,0
20160913,135448054,135448054,83436000,430060.PT,430060,20160913,20160913,0( ),73000,0,0,0,0,0 0 0 0 0 0 0 0 0 0 ,0 0 0 0 0 0 0 0 0 0 ,0 0 0 0 0 0 0 0 0 0 ,0 0 0 0 0 0 0 0 0 0 ,0,0,0,0,0,0,0,0,0,0,0,0( ) 0( ) 0( ) 0( ) ,0,0,0
20160913,135448054,135448054,111220000,430061.PT,430061,20160913,20160913,0( ),55500,0,0,0,0,39900 0 40000 0 52500 0 0 0 0 0 ,4000 0 20000 0 1000 0 0 0 0 0 ,100 0 0 0 0 0 0 0 0 0 ,100000 0 0 0 0 0 0 0 0 0 ,0,0,0,0,0,0,0,0,0,0,0,0( ) 0( ) 0( ) 0( ) ,0,0,0
20160913,135448054,135448054,133041000,430062.PT,430062,20160913,20160913,0( ),81200,82800,83000,82800,83000,83300 0 83400 0 83500 0 0 0 0 0 ,1000 0 2000 0 1000 0 0 0 0 0 ,81500 0 81200 0 81100 0 0 0 0 0 ,1000 0 10000 0 1000 0 0 0 0 0 ,0,17000,141080,0,0,0,0,0,0,0,0,0( ) 0( ) 0( ) 0( ) ,0,0,0
20160913,135448054,135448054,83436000,430063.PT,430063,20160913,20160913,0( ),250000,0,0,0,0,0 0 0 0 0 0 0 0 0 0 ,0 0 0 0 0 0 0 0 0 0 ,0 0 0 0 0 0 0 0 0 0 ,0 0 0 0 0 0 0 0 0 0 ,0,0,0,0,0,0,0,0,0,0,0,0( ) 0( ) 0( ) 0( ) ,0,0,0
20160913,135448054,135448054,132204000,430064.PT,430064,20160913,20160913,0( ),24200,0,0,0,0,29800 0 30000 0 31400 0 0 0 0 0 ,12000 0 5000 0 9000 0 0 0 0 0 ,24000 0 22000 0 0 0 0 0 0 0 ,5000 0 10000 0 0 0 0 0 0 0 ,0,0,0,0,0,0,0,0,0,0,0,0( ) 0( ) 0( ) 0( ) ,0,0,0
20160913,135448054,135448054,111316000,430065.PT,430065,20160913,20160913,0( ),47200,47000,47500,47000,47000,47400 0 47500 0 47700 0 0 0 0 0 ,6000 0 35000 0 1000 0 0 0 0 0 ,47000 0 46600 0 46200 0 0 0 0 0 ,1000 0 5000 0 1000 0 0 0 0 0 ,0,6000,28250,0,0,0,0,0,0,0,0,0( ) 0( ) 0( ) 0( ) ,0,0,0
20160913,135448054,135448054,83436000,430066.PT,430066,20160913,20160913,0( ),5000,0,0,0,0,0 0 0 0 0 0 0 0 0 0 ,0 0 0 0 0 0 0 0 0 0 ,0 0 0 0 0 0 0 0 0 0 ,0 0 0 0 0 0 0 0 0 0 ,0,0,0,0,0,0,0,0,0,0,0,0( ) 0( ) 0( ) 0( ) ,0,0,0
20160913,135448054,135448054,83436000,430067.PT,430067,20160913,20160913,0( ),10500,0,0,0,0,0 0 0 0 0 0 0 0 0 0 ,0 0 0 0 0 0 0 0 0 0 ,0 0 0 0 0 0 0 0 0 0 ,0 0 0 0 0 0 0 0 0 0 ,0,0,0,0,0,0,0,0,0,0,0,0( ) 0( ) 0( ) 0( ) ,0,0,0
20160913,135448054,135448054,83436000,430068.PT,430068,20160913,20160913,0( ),10000,0,0,0,0,0 0 0 0 0 0 0 0 0 0 ,0 0 0 0 0 0 0 0 0 0 ,0 0 0 0 0 0 0 0 0 0 ,0 0 0 0 0 0 0 0 0 0 ,0,0,0,0,0,0,0,0,0,0,0,0( ) 0( ) 0( ) 0( ) ,0,0,0
20160913,135448054,135448054,83436000,430069.PT,430069,20160913,20160913,0( ),112900,0,0,0,0,0 0 0 0 0 0 0 0 0 0 ,0 0 0 0 0 0 0 0 0 0 ,0 0 0 0 0 0 0 0 0 0 ,0 0 0 0 0 0 0 0 0 0 ,0,0,0,0,0,0,0,0,0,0,0,0( ) 0( ) 0( ) 0( ) ,0,0,0
20160913,135448054,135448054,132604000,430070.PT,430070,20160913,20160913,0( ),44000,45500,47200,45500,46000,46700 0 47300 0 0 0 0 0 0 0 ,3000 0 1000 0 0 0 0 0 0 0 ,45000 0 44400 0 0 0 0 0 0 0 ,1000 0 1000 0 0 0 0 0 0 0 ,0,36000,165830,0,0,0,0,0,0,0,0,0( ) 0( ) 0( ) 0( ) ,0,0,0
20160913,135448054,135448054,135028000,430071.PT,430071,20160913,20160913,0( ),135100,0,0,0,0,137100 0 137200 0 137400 0 0 0 0 0 ,1000 0 10000 0 5000 0 0 0 0 0 ,134200 0 134100 0 133800 0 0 0 0 0 ,1000 0 1000 0 1000 0 0 0 0 0 ,0,0,0,0,0,0,0,0,0,0,0,0( ) 0( ) 0( ) 0( ) ,0,0,0
20160913,135448054,135448054,83436000,430072.PT,430072,20160913,20160913,0( ),81800,0,0,0,0,0 0 0 0 0 0 0 0 0 0 ,0 0 0 0 0 0 0 0 0 0 ,0 0 0 0 0 0 0 0 0 0 ,0 0 0 0 0 0 0 0 0 0 ,0,0,0,0,0,0,0,0,0,0,0,0( ) 0( ) 0( ) 0( ) ,0,0,0
20160913,135448054,135448054,83436000,430073.PT,430073,20160913,20160913,0( ),72000,0,0,0,0,0 0 0 0 0 0 0 0 0 0 ,0 0 0 0 0 0 0 0 0 0 ,0 0 0 0 0 0 0 0 0 0 ,0 0 0 0 0 0 0 0 0 0 ,0,0,0,0,0,0,0,0,0,0,0,0( ) 0( ) 0( ) 0( ) ,0,0,0
20160913,135448054,135448054,133916000,430074.PT,430074,20160913,20160913,0( ),83300,83600,83700,83200,83500,83600 0 83700 0 83800 0 0 0 0 0 ,8000 0 40000 0 1000 0 0 0 0 0 ,83400 0 82200 0 82000 0 0 0 0 0 ,1000 0 10000 0 20000 0 0 0 0 0 ,0,321000,2681640,0,0,0,0,0,0,0,0,0( ) 0( ) 0( ) 0( ) ,0,0,0
20160913,135448054,135448054,134540000,430075.PT,430075,20160913,20160913,0( ),39000,39000,39300,38000,38500,39000 0 39100 0 39800 0 0 0 0 0 ,10000 0 5000 0 1000 0 0 0 0 0 ,38000 0 37900 0 37200 0 0 0 0 0 ,5000 0 1000 0 1000 0 0 0 0 0 ,0,51000,196090,0,0,0,0,0,0,0,0,0( ) 0( ) 0( ) 0( ) ,0,0,0
20160913,135448054,135448054,83436000,430076.PT,430076,20160913,20160913,0( ),81300,0,0,0,0,0 0 0 0 0 0 0 0 0 0 ,0 0 0 0 0 0 0 0 0 0 ,0 0 0 0 0 0 0 0 0 0 ,0 0 0 0 0 0 0 0 0 0 ,0,0,0,0,0,0,0,0,0,0,0,0( ) 0( ) 0( ) 0( ) ,0,0,0
20160913,135448054,135448054,83436000,430077.PT,430077,20160913,20160913,0( ),98000,0,0,0,0,0 0 0 0 0 0 0 0 0 0 ,0 0 0 0 0 0 0 0 0 0 ,0 0 0 0 0 0 0 0 0 0 ,0 0 0 0 0 0 0 0 0 0 ,0,0,0,0,0,0,0,0,0,0,0,0( ) 0( ) 0( ) 0( ) ,0,0,0
20160913,135448054,135448054,101140000,430078.PT,430078,20160913,20160913,0( ),75000,76900,76900,76900,76900,78300 0 78400 0 0 0 0 0 0 0 ,1000 0 1000 0 0 0 0 0 0 0 ,74600 0 74500 0 0 0 0 0 0 0 ,6000 0 1000 0 0 0 0 0 0 0 ,0,1000,7690,0,0,0,0,0,0,0,0,0( ) 0( ) 0( ) 0( ) ,0,0,0
20160913,135448054,135448054,83436000,430079.PT,430079,20160913,20160913,0( ),35700,0,0,0,0,0 0 0 0 0 0 0 0 0 0 ,0 0 0 0 0 0 0 0 0 0 ,0 0 0 0 0 0 0 0 0 0 ,0 0 0 0 0 0 0 0 0 0 ,0,0,0,0,0,0,0,0,0,0,0,0( ) 0( ) 0( ) 0( ) ,0,0,0
20160913,135448054,135448054,93040000,430080.PT,430080,20160913,20160913,0( ),79700,0,0,0,0,79800 0 79900 0 0 0 0 0 0 0 ,4000 0 1000 0 0 0 0 0 0 0 ,76000 0 75900 0 0 0 0 0 0 0 ,1000 0 2000 0 0 0 0 0 0 0 ,0,0,0,0,0,0,0,0,0,0,0,0( ) 0( ) 0( ) 0( ) ,0,0,0
20160913,135448054,135448054,83436000,430081.PT,430081,20160913,20160913,0( ),25000,0,0,0,0,0 0 0 0 0 0 0 0 0 0 ,0 0 0 0 0 0 0 0 0 0 ,0 0 0 0 0 0 0 0 0 0 ,0 0 0 0 0 0 0 0 0 0 ,0,0,0,0,0,0,0,0,0,0,0,0( ) 0( ) 0( ) 0( ) ,0,0,0
20160913,135448054,135448054,105540000,430082.PT,430082,20160913,20160913,0( ),111000,111200,111200,111200,111200,112100 0 112200 0 112300 0 0 0 0 0 ,5000 0 1000 0 1000 0 0 0 0 0 ,107500 0 107400 0 106700 0 0 0 0 0 ,1000 0 3000 0 1000 0 0 0 0 0 ,0,1000,11120,0,0,0,0,0,0,0,0,0( ) 0( ) 0( ) 0( ) ,0,0,0
20160913,135448054,135448054,132129000,430083.PT,430083,20160913,20160913,0( ),53100,52300,52300,52300,52300,54500 0 54600 0 54700 0 0 0 0 0 ,4000 0 1000 0 1000 0 0 0 0 0 ,52100 0 52000 0 51900 0 0 0 0 0 ,1000 0 1000 0 1000 0 0 0 0 0 ,0,4000,20920,0,0,0,0,0,0,0,0,0( ) 0( ) 0( ) 0( ) ,0,0,0
20160913,135448054,135448054,131752000,430084.PT,430084,20160913,20160913,0( ),35000,35400,35400,35400,35400,35300 0 35500 0 35600 0 0 0 0 0 ,15000 0 2000 0 3000 0 0 0 0 0 ,35000 0 34700 0 34600 0 0 0 0 0 ,15000 0 1000 0 1000 0 0 0 0 0 ,0,1000,3540,0,0,0,0,0,0,0,0,0( ) 0( ) 0( ) 0( ) ,0,0,0
20160913,135448054,135448054,93004000,430085.PT,430085,20160913,20160913,0( ),47500,0,0,0,0,48000 0 0 0 0 0 0 0 0 0 ,2000 0 0 0 0 0 0 0 0 0 ,45600 0 0 0 0 0 0 0 0 0 ,2000 0 0 0 0 0 0 0 0 0 ,0,0,0,0,0,0,0,0,0,0,0,0( ) 0( ) 0( ) 0( ) ,0,0,0
20160913,135448054,135448054,83436000,430086.PT,430086,20160913,20160913,0( ),80000,0,0,0,0,0 0 0 0 0 0 0 0 0 0 ,0 0 0 0 0 0 0 0 0 0 ,0 0 0 0 0 0 0 0 0 0 ,0 0 0 0 0 0 0 0 0 0 ,0,0,0,0,0,0,0,0,0,0,0,0( ) 0( ) 0( ) 0( ) ,0,0,0
20160913,135448054,135448054,93004000,430087.PT,430087,20160913,20160913,0( ),150500,0,0,0,0,150600 0 150700 0 151500 0 0 0 0 0 ,2000 0 1000 0 2000 0 0 0 0 0 ,148500 0 148400 0 147300 0 0 0 0 0 ,1000 0 2000 0 2000 0 0 0 0 0 ,0,0,0,0,0,0,0,0,0,0,0,0( ) 0( ) 0( ) 0( ) ,0,0,0
20160913,135448054,135448054,135028000,430088.PT,430088,20160913,20160913,0( ),170000,173000,173200,172000,173200,173200 0 173400 0 173500 0 0 0 0 0 ,1000 0 2000 0 5000 0 0 0 0 0 ,169500 0 169200 0 168600 0 0 0 0 0 ,2000 0 5000 0 5000 0 0 0 0 0 ,0,28000,483630,0,0,0,0,0,0,0,0,0( ) 0( ) 0( ) 0( ) ,0,0,0
20160913,135448054,135448054,83436000,430089.PT,430089,20160913,20160913,0( ),16000,0,0,0,0,0 0 0 0 0 0 0 0 0 0 ,0 0 0 0 0 0 0 0 0 0 ,0 0 0 0 0 0 0 0 0 0 ,0 0 0 0 0 0 0 0 0 0 ,0,0,0,0,0,0,0,0,0,0,0,0( ) 0( ) 0( ) 0( ) ,0,0,0
20160913,135448054,135448054,132841000,430090.PT,430090,20160913,20160913,0( ),20000,19300,19300,19200,19200,20000 0 20100 0 0 0 0 0 0 0 ,10000 0 2000 0 0 0 0 0 0 0 ,19100 0 19000 0 0 0 0 0 0 0 ,2000 0 10000 0 0 0 0 0 0 0 ,0,12000,23050,0,0,0,0,0,0,0,0,0( ) 0( ) 0( ) 0( ) ,0,0,0
20160913,135448054,135448054,83436000,430091.PT,430091,20160913,20160913,0( ),30000,0,0,0,0,0 0 0 0 0 0 0 0 0 0 ,0 0 0 0 0 0 0 0 0 0 ,0 0 0 0 0 0 0 0 0 0 ,0 0 0 0 0 0 0 0 0 0 ,0,0,0,0,0,0,0,0,0,0,0,0( ) 0( ) 0( ) 0( ) ,0,0,0
20160913,135448054,135448054,133116000,430092.PT,430092,20160913,20160913,0( ),42100,130000,130000,130000,130000,110000 0 120000 0 125000 0 0 0 0 0 ,36000 0 3000 0 20000 0 0 0 0 0 ,100 0 0 0 0 0 0 0 0 0 ,50000 0 0 0 0 0 0 0 0 0 ,0,1000,13000,0,0,0,0,0,0,0,0,0( ) 0( ) 0( ) 0( ) ,0,0,0
20160913,135448054,135448054,112116000,430093.PT,430093,20160913,20160913,0( ),15000,14900,14900,14500,14500,14800 0 14900 0 0 0 0 0 0 0 ,1000 0 2000 0 0 0 0 0 0 0 ,14200 0 14100 0 0 0 0 0 0 0 ,2000 0 1000 0 0 0 0 0 0 0 ,0,4000,5870,0,0,0,0,0,0,0,0,0( ) 0( ) 0( ) 0( ) ,0,0,0
20160913,135448054,135448054,83436000,430094.PT,430094,20160913,20160913,0( ),69000,0,0,0,0,0 0 0 0 0 0 0 0 0 0 ,0 0 0 0 0 0 0 0 0 0 ,0 0 0 0 0 0 0 0 0 0 ,0 0 0 0 0 0 0 0 0 0 ,0,0,0,0,0,0,0,0,0,0,0,0( ) 0( ) 0( ) 0( ) ,0,0,0
20160913,135448054,135448054,131252000,430095.PT,430095,20160913,20160913,0( ),39500,0,0,0,0,50000 0 9978800 0 99999900 0 0 0 0 0 ,3000 0 12000 0 10000 0 0 0 0 0 ,1000 0 100 0 0 0 0 0 0 0 ,6000 0 158000 0 0 0 0 0 0 0 ,0,0,0,0,0,0,0,0,0,0,0,0( ) 0( ) 0( ) 0( ) ,0,0,0
20160913,135448054,135448054,83436000,430096.PT,430096,20160913,20160913,0( ),12600,0,0,0,0,0 0 0 0 0 0 0 0 0 0 ,0 0 0 0 0 0 0 0 0 0 ,0 0 0 0 0 0 0 0 0 0 ,0 0 0 0 0 0 0 0 0 0 ,0,0,0,0,0,0,0,0,0,0,0,0( ) 0( ) 0( ) 0( ) ,0,0,0
20160913,135448054,135448054,133841000,430097.PT,430097,20160913,20160913,0( ),118900,116300,116300,115000,115000,118100 0 118800 0 119000 0 0 0 0 0 ,1000 0 4000 0 5000 0 0 0 0 0 ,113100 0 112900 0 112200 0 0 0 0 0 ,5000 0 4000 0 1000 0 0 0 0 0 ,0,6000,69160,0,0,0,0,0,0,0,0,0( ) 0( ) 0( ) 0( ) ,0,0,0
20160913,135448054,135448054,83436000,430098.PT,430098,20160913,20160913,0( ),10000,0,0,0,0,0 0 0 0 0 0 0 0 0 0 ,0 0 0 0 0 0 0 0 0 0 ,0 0 0 0 0 0 0 0 0 0 ,0 0 0 0 0 0 0 0 0 0 ,0,0,0,0,0,0,0,0,0,0,0,0( ) 0( ) 0( ) 0( ) ,0,0,0
20160913,135448054,135448054,83436000,430099.PT,430099,20160913,20160913,0( ),17500,0,0,0,0,0 0 0 0 0 0 0 0 0 0 ,0 0 0 0 0 0 0 0 0 0 ,0 0 0 0 0 0 0 0 0 0 ,0 0 0 0 0 0 0 0 0 0 ,0,0,0,0,0,0,0,0,0,0,0,0( ) 0( ) 0( ) 0( ) ,0,0,0
20160913,135448054,135448054,83436000,430100.PT,430100,20160913,20160913,0( ),10000,0,0,0,0,0 0 0 0 0 0 0 0 0 0 ,0 0 0 0 0 0 0 0 0 0 ,0 0 0 0 0 0 0 0 0 0 ,0 0 0 0 0 0 0 0 0 0 ,0,0,0,0,0,0,0,0,0,0,0,0( ) 0( ) 0( ) 0( ) ,0,0,0
20160913,135448054,135448054,83436000,430101.PT,430101,20160913,20160913,0( ),16000,0,0,0,0,0 0 0 0 0 0 0 0 0 0 ,0 0 0 0 0 0 0 0 0 0 ,0 0 0 0 0 0 0 0 0 0 ,0 0 0 0 0 0 0 0 0 0 ,0,0,0,0,0,0,0,0,0,0,0,0( ) 0( ) 0( ) 0( ) ,0,0,0
20160913,135448054,135448054,134852000,430102.PT,430102,20160913,20160913,0( ),11100,0,0,0,0,20000 0 25000 0 28800 0 0 0 0 0 ,10000 0 5000 0 1000 0 0 0 0 0 ,10000 0 100 0 0 0 0 0 0 0 ,2000 0 120000 0 0 0 0 0 0 0 ,0,0,0,0,0,0,0,0,0,0,0,0( ) 0( ) 0( ) 0( ) ,0,0,0
20160913,135448054,135448054,133905000,430103.PT,430103,20160913,20160913,0( ),41800,0,0,0,0,42500 0 42600 0 42700 0 0 0 0 0 ,5000 0 1000 0 1000 0 0 0 0 0 ,41000 0 40800 0 40700 0 0 0 0 0 ,2000 0 1000 0 1000 0 0 0 0 0 ,0,0,0,0,0,0,0,0,0,0,0,0( ) 0( ) 0( ) 0( ) ,0,0,0
20160913,135448054,135448054,83436000,430104.PT,430104,20160913,20160913,0( ),45500,0,0,0,0,0 0 0 0 0 0 0 0 0 0 ,0 0 0 0 0 0 0 0 0 0 ,0 0 0 0 0 0 0 0 0 0 ,0 0 0 0 0 0 0 0 0 0 ,0,0,0,0,0,0,0,0,0,0,0,0( ) 0( ) 0( ) 0( ) ,0,0,0
20160913,135448054,135448054,83436000,430105.PT,430105,20160913,20160913,0( ),20200,0,0,0,0,0 0 0 0 0 0 0 0 0 0 ,0 0 0 0 0 0 0 0 0 0 ,0 0 0 0 0 0 0 0 0 0 ,0 0 0 0 0 0 0 0 0 0 ,0,0,0,0,0,0,0,0,0,0,0,0( ) 0( ) 0( ) 0( ) ,0,0,0
20160913,135448054,135448054,83436000,430106.PT,430106,20160913,20160913,0( ),30000,0,0,0,0,0 0 0 0 0 0 0 0 0 0 ,0 0 0 0 0 0 0 0 0 0 ,0 0 0 0 0 0 0 0 0 0 ,0 0 0 0 0 0 0 0 0 0 ,0,0,0,0,0,0,0,0,0,0,0,0( ) 0( ) 0( ) 0( ) ,0,0,0
20160913,135448054,135448054,104204000,430107.PT,430107,20160913,20160913,0( ),150000,0,0,0,0,155000 0 250000 0 260000 0 0 0 0 0 ,1000 0 4000 0 10000 0 0 0 0 0 ,100 0 0 0 0 0 0 0 0 0 ,10000 0 0 0 0 0 0 0 0 0 ,0,0,0,0,0,0,0,0,0,0,0,0( ) 0( ) 0( ) 0( ) ,0,0,0
20160913,135448054,135448054,132017000,430108.PT,430108,20160913,20160913,0( ),25500,25700,25700,25000,25000,25600 0 26000 0 0 0 0 0 0 0 ,2000 0 2000 0 0 0 0 0 0 0 ,24800 0 24700 0 24400 0 0 0 0 0 ,1000 0 1000 0 1000 0 0 0 0 0 ,0,19000,48240,0,0,0,0,0,0,0,0,0( ) 0( ) 0( ) 0( ) ,0,0,0
20160913,135448054,135448054,135416000,430109.PT,430109,20160913,20160913,0( ),29900,29700,29700,29700,29700,31100 0 31200 0 0 0 0 0 0 0 ,1000 0 1000 0 0 0 0 0 0 0 ,29600 0 0 0 0 0 0 0 0 0 ,1000 0 0 0 0 0 0 0 0 0 ,0,1000,2970,0,0,0,0,0,0,0,0,0( ) 0( ) 0( ) 0( ) ,0,0,0
20160913,135448054,135448054,83436000,430110.PT,430110,20160913,20160913,0( ),38200,0,0,0,0,0 0 0 0 0 0 0 0 0 0 ,0 0 0 0 0 0 0 0 0 0 ,0 0 0 0 0 0 0 0 0 0 ,0 0 0 0 0 0 0 0 0 0 ,0,0,0,0,0,0,0,0,0,0,0,0( ) 0( ) 0( ) 0( ) ,0,0,0
20160913,135448054,135448054,93004000,430111.PT,430111,20160913,20160913,0( ),31800,0,0,0,0,32600 0 0 0 0 0 0 0 0 0 ,2000 0 0 0 0 0 0 0 0 0 ,31000 0 0 0 0 0 0 0 0 0 ,2000 0 0 0 0 0 0 0 0 0 ,0,0,0,0,0,0,0,0,0,0,0,0( ) 0( ) 0( ) 0( ) ,0,0,0
20160913,135448054,135448054,83436000,430112.PT,430112,20160913,20160913,0( ),10000,0,0,0,0,0 0 0 0 0 0 0 0 0 0 ,0 0 0 0 0 0 0 0 0 0 ,0 0 0 0 0 0 0 0 0 0 ,0 0 0 0 0 0 0 0 0 0 ,0,0,0,0,0,0,0,0,0,0,0,0( ) 0( ) 0( ) 0( ) ,0,0,0
20160913,135448054,135448054,83436000,430113.PT,430113,20160913,20160913,0( ),60000,0,0,0,0,0 0 0 0 0 0 0 0 0 0 ,0 0 0 0 0 0 0 0 0 0 ,0 0 0 0 0 0 0 0 0 0 ,0 0 0 0 0 0 0 0 0 0 ,0,0,0,0,0,0,0,0,0,0,0,0( ) 0( ) 0( ) 0( ) ,0,0,0
20160913,135448054,135448054,83436000,430116.PT,430116,20160913,20160913,0( ),17000,0,0,0,0,0 0 0 0 0 0 0 0 0 0 ,0 0 0 0 0 0 0 0 0 0 ,0 0 0 0 0 0 0 0 0 0 ,0 0 0 0 0 0 0 0 0 0 ,0,0,0,0,0,0,0,0,0,0,0,0( ) 0( ) 0( ) 0( ) ,0,0,0
20160913,135448054,135448054,93004000,430117.PT,430117,20160913,20160913,0( ),43100,0,0,0,0,43200 0 0 0 0 0 0 0 0 0 ,4000 0 0 0 0 0 0 0 0 0 ,41100 0 0 0 0 0 0 0 0 0 ,2000 0 0 0 0 0 0 0 0 0 ,0,0,0,0,0,0,0,0,0,0,0,0( ) 0( ) 0( ) 0( ) ,0,0,0
20160913,135448054,135448054,83436000,430118.PT,430118,20160913,20160913,0( ),10000,0,0,0,0,0 0 0 0 0 0 0 0 0 0 ,0 0 0 0 0 0 0 0 0 0 ,0 0 0 0 0 0 0 0 0 0 ,0 0 0 0 0 0 0 0 0 0 ,0,0,0,0,0,0,0,0,0,0,0,0( ) 0( ) 0( ) 0( ) ,0,0,0
20160913,135448054,135448054,135416000,430120.PT,430120,20160913,20160913,0( ),135300,133200,133600,132000,132000,133000 0 133400 0 133600 0 0 0 0 0 ,10000 0 10000 0 5000 0 0 0 0 0 ,131200 0 131000 0 130000 0 0 0 0 0 ,1000 0 1000 0 5000 0 0 0 0 0 ,0,29000,384800,0,0,0,0,0,0,0,0,0( ) 0( ) 0( ) 0( ) ,0,0,0
20160913,135448054,135448054,83436000,430121.PT,430121,20160913,20160913,0( ),52000,0,0,0,0,0 0 0 0 0 0 0 0 0 0 ,0 0 0 0 0 0 0 0 0 0 ,0 0 0 0 0 0 0 0 0 0 ,0 0 0 0 0 0 0 0 0 0 ,0,0,0,0,0,0,0,0,0,0,0,0( ) 0( ) 0( ) 0( ) ,0,0,0
20160913,135448054,135448054,83436000,430122.PT,430122,20160913,20160913,0( ),10000,0,0,0,0,0 0 0 0 0 0 0 0 0 0 ,0 0 0 0 0 0 0 0 0 0 ,0 0 0 0 0 0 0 0 0 0 ,0 0 0 0 0 0 0 0 0 0 ,0,0,0,0,0,0,0,0,0,0,0,0( ) 0( ) 0( ) 0( ) ,0,0,0
20160913,135448054,135448054,95328000,430123.PT,430123,20160913,20160913,0( ),14800,0,0,0,0,14800 0 20800 0 21000 0 0 0 0 0 ,12000 0 10000 0 7000 0 0 0 0 0 ,11000 0 0 0 0 0 0 0 0 0 ,1000 0 0 0 0 0 0 0 0 0 ,0,0,0,0,0,0,0,0,0,0,0,0( ) 0( ) 0( ) 0( ) ,0,0,0
20160913,135448054,135448054,93004000,430124.PT,430124,20160913,20160913,0( ),47500,0,0,0,0,47200 0 47500 0 48000 0 0 0 0 0 ,1000 0 2000 0 3000 0 0 0 0 0 ,45600 0 45400 0 45200 0 0 0 0 0 ,3000 0 2000 0 1000 0 0 0 0 0 ,0,0,0,0,0,0,0,0,0,0,0,0( ) 0( ) 0( ) 0( ) ,0,0,0
20160913,135448054,135448054,83436000,430125.PT,430125,20160913,20160913,0( ),500000,0,0,0,0,0 0 0 0 0 0 0 0 0 0 ,0 0 0 0 0 0 0 0 0 0 ,0 0 0 0 0 0 0 0 0 0 ,0 0 0 0 0 0 0 0 0 0 ,0,0,0,0,0,0,0,0,0,0,0,0( ) 0( ) 0( ) 0( ) ,0,0,0
20160913,135448054,135448054,83436000,430126.PT,430126,20160913,20160913,0( ),65100,0,0,0,0,0 0 0 0 0 0 0 0 0 0 ,0 0 0 0 0 0 0 0 0 0 ,0 0 0 0 0 0 0 0 0 0 ,0 0 0 0 0 0 0 0 0 0 ,0,0,0,0,0,0,0,0,0,0,0,0( ) 0( ) 0( ) 0( ) ,0,0,0
20160913,135448054,135448054,131953000,430127.PT,430127,20160913,20160913,0( ),120000,0,0,0,0,120000 0 143000 0 192900 0 0 0 0 0 ,20000 0 25000 0 30000 0 0 0 0 0 ,118000 0 0 0 0 0 0 0 0 0 ,2000 0 0 0 0 0 0 0 0 0 ,0,0,0,0,0,0,0,0,0,0,0,0( ) 0( ) 0( ) 0( ) ,0,0,0
20160913,135448054,135448054,133116000,430128.PT,430128,20160913,20160913,0( ),74100,72400,72400,71500,72400,74000 0 74100 0 75200 0 0 0 0 0 ,5000 0 1000 0 1000 0 0 0 0 0 ,71500 0 71400 0 70300 0 0 0 0 0 ,3000 0 1000 0 1000 0 0 0 0 0 ,0,5000,36020,0,0,0,0,0,0,0,0,0( ) 0( ) 0( ) 0( ) ,0,0,0
20160913,135448054,135448054,135429000,430130.PT,430130,20160913,20160913,0( ),44800,45000,48000,45000,45500,45900 0 46000 0 46500 0 0 0 0 0 ,3000 0 10000 0 6000 0 0 0 0 0 ,45400 0 45100 0 45000 0 0 0 0 0 ,1000 0 1000 0 4000 0 0 0 0 0 ,0,827000,3829250,0,0,0,0,0,0,0,0,0( ) 0( ) 0( ) 0( ) ,0,0,0
20160913,135448054,135448054,83436000,430131.PT,430131,20160913,20160913,0( ),16200,0,0,0,0,0 0 0 0 0 0 0 0 0 0 ,0 0 0 0 0 0 0 0 0 0 ,0 0 0 0 0 0 0 0 0 0 ,0 0 0 0 0 0 0 0 0 0 ,0,0,0,0,0,0,0,0,0,0,0,0( ) 0( ) 0( ) 0( ) ,0,0,0
20160913,135448054,135448054,83436000,430132.PT,430132,20160913,20160913,0( ),19100,0,0,0,0,0 0 0 0 0 0 0 0 0 0 ,0 0 0 0 0 0 0 0 0 0 ,0 0 0 0 0 0 0 0 0 0 ,0 0 0 0 0 0 0 0 0 0 ,0,0,0,0,0,0,0,0,0,0,0,0( ) 0( ) 0( ) 0( ) ,0,0,0
20160913,135448054,135448054,95451000,430133.PT,430133,20160913,20160913,0( ),29000,0,0,0,0,28900 0 29000 0 0 0 0 0 0 0 ,10000 0 2000 0 0 0 0 0 0 0 ,27600 0 27500 0 0 0 0 0 0 0 ,2000 0 1000 0 0 0 0 0 0 0 ,0,0,0,0,0,0,0,0,0,0,0,0( ) 0( ) 0( ) 0( ) ,0,0,0
20160913,135448054,135448054,134018000,430134.PT,430134,20160913,20160913,0( ),30000,0,0,0,0,30000 0 70000 0 0 0 0 0 0 0 ,29000 0 20000 0 0 0 0 0 0 0 ,10000 0 0 0 0 0 0 0 0 0 ,1000 0 0 0 0 0 0 0 0 0 ,0,0,0,0,0,0,0,0,0,0,0,0( ) 0( ) 0( ) 0( ) ,0,0,0
20160913,135448054,135448054,83436000,430135.PT,430135,20160913,20160913,0( ),33300,0,0,0,0,0 0 0 0 0 0 0 0 0 0 ,0 0 0 0 0 0 0 0 0 0 ,0 0 0 0 0 0 0 0 0 0 ,0 0 0 0 0 0 0 0 0 0 ,0,0,0,0,0,0,0,0,0,0,0,0( ) 0( ) 0( ) 0( ) ,0,0,0
20160913,135448054,135448054,105605000,430137.PT,430137,20160913,20160913,0( ),40000,0,0,0,0,80000 0 0 0 0 0 0 0 0 0 ,140000 0 0 0 0 0 0 0 0 0 ,0 0 0 0 0 0 0 0 0 0 ,0 0 0 0 0 0 0 0 0 0 ,0,0,0,0,0,0,0,0,0,0,0,0( ) 0( ) 0( ) 0( ) ,0,0,0
20160913,135448054,135448054,83436000,430138.PT,430138,20160913,20160913,0( ),55000,0,0,0,0,0 0 0 0 0 0 0 0 0 0 ,0 0 0 0 0 0 0 0 0 0 ,0 0 0 0 0 0 0 0 0 0 ,0 0 0 0 0 0 0 0 0 0 ,0,0,0,0,0,0,0,0,0,0,0,0( ) 0( ) 0( ) 0( ) ,0,0,0
20160913,135448054,135448054,110116000,430139.PT,430139,20160913,20160913,0( ),48800,47700,48400,46800,48400,48900 0 49000 0 49100 0 0 0 0 0 ,2000 0 6000 0 1000 0 0 0 0 0 ,47600 0 46700 0 46600 0 0 0 0 0 ,1000 0 5000 0 23000 0 0 0 0 0 ,0,19000,90600,0,0,0,0,0,0,0,0,0( ) 0( ) 0( ) 0( ) ,0,0,0
20160913,135448054,135448054,112153000,430140.PT,430140,20160913,20160913,0( ),130500,130200,131500,130000,130100,131200 0 131300 0 131500 0 0 0 0 0 ,10000 0 5000 0 4000 0 0 0 0 0 ,129800 0 129700 0 129600 0 0 0 0 0 ,10000 0 5000 0 5000 0 0 0 0 0 ,0,47000,612440,0,0,0,0,0,0,0,0,0( ) 0( ) 0( ) 0( ) ,0,0,0
20160913,135448054,135448054,135253000,430141.PT,430141,20160913,20160913,0( ),133000,134000,134200,132000,133500,134200 0 134300 0 135900 0 0 0 0 0 ,5000 0 1000 0 1000 0 0 0 0 0 ,132500 0 132000 0 131700 0 0 0 0 0 ,1000 0 5000 0 1000 0 0 0 0 0 ,0,35000,466780,0,0,0,0,0,0,0,0,0( ) 0( ) 0( ) 0( ) ,0,0,0
20160913,135448054,135448054,93040000,430142.PT,430142,20160913,20160913,0( ),85800,0,0,0,0,85800 0 85900 0 0 0 0 0 0 0 ,5000 0 1000 0 0 0 0 0 0 0 ,81700 0 81600 0 0 0 0 0 0 0 ,1000 0 5000 0 0 0 0 0 0 0 ,0,0,0,0,0,0,0,0,0,0,0,0( ) 0( ) 0( ) 0( ) ,0,0,0
20160913,135448054,135448054,134553000,430143.PT,430143,20160913,20160913,0( ),15000,0,0,0,0,20000 0 25200 0 25300 0 0 0 0 0 ,30000 0 21000 0 1000 0 0 0 0 0 ,12500 0 0 0 0 0 0 0 0 0 ,2000 0 0 0 0 0 0 0 0 0 ,0,0,0,0,0,0,0,0,0,0,0,0( ) 0( ) 0( ) 0( ) ,0,0,0
20160913,135448055,135448055,93004000,430144.PT,430144,20160913,20160913,0( ),20000,0,0,0,0,20500 0 20800 0 0 0 0 0 0 0 ,1000 0 1000 0 0 0 0 0 0 0 ,19800 0 19500 0 0 0 0 0 0 0 ,1000 0 1000 0 0 0 0 0 0 0 ,0,0,0,0,0,0,0,0,0,0,0,0( ) 0( ) 0( ) 0( ) ,0,0,0
20160913,135448055,135448055,93228000,430145.PT,430145,20160913,20160913,0( ),33800,0,0,0,0,35400 0 35500 0 0 0 0 0 0 0 ,2000 0 1000 0 0 0 0 0 0 0 ,33800 0 33700 0 0 0 0 0 0 0 ,2000 0 2000 0 0 0 0 0 0 0 ,0,0,0,0,0,0,0,0,0,0,0,0( ) 0( ) 0( ) 0( ) ,0,0,0
20160913,135448055,135448055,105653000,430146.PT,430146,20160913,20160913,0( ),40000,0,0,0,0,19000 0 40000 0 0 0 0 0 0 0 ,5000 0 19000 0 0 0 0 0 0 0 ,0 0 0 0 0 0 0 0 0 0 ,0 0 0 0 0 0 0 0 0 0 ,0,0,0,0,0,0,0,0,0,0,0,0( ) 0( ) 0( ) 0( ) ,0,0,0
20160913,135448055,135448055,83436000,430147.PT,430147,20160913,20160913,0( ),36000,0,0,0,0,0 0 0 0 0 0 0 0 0 0 ,0 0 0 0 0 0 0 0 0 0 ,0 0 0 0 0 0 0 0 0 0 ,0 0 0 0 0 0 0 0 0 0 ,0,0,0,0,0,0,0,0,0,0,0,0( ) 0( ) 0( ) 0( ) ,0,0,0
20160913,135448055,135448055,93004000,430148.PT,430148,20160913,20160913,0( ),30000,0,0,0,0,30500 0 31000 0 0 0 0 0 0 0 ,1000 0 1000 0 0 0 0 0 0 0 ,29500 0 29000 0 0 0 0 0 0 0 ,1000 0 1000 0 0 0 0 0 0 0 ,0,0,0,0,0,0,0,0,0,0,0,0( ) 0( ) 0( ) 0( ) ,0,0,0
20160913,135448055,135448055,95604000,430149.PT,430149,20160913,20160913,0( ),14000,0,0,0,0,14100 0 14200 0 0 0 0 0 0 0 ,3000 0 2000 0 0 0 0 0 0 0 ,13500 0 13400 0 0 0 0 0 0 0 ,2000 0 2000 0 0 0 0 0 0 0 ,0,0,0,0,0,0,0,0,0,0,0,0( ) 0( ) 0( ) 0( ) ,0,0,0
20160913,135448055,135448055,93004000,430150.PT,430150,20160913,20160913,0( ),36100,0,0,0,0,37000 0 0 0 0 0 0 0 0 0 ,2000 0 0 0 0 0 0 0 0 0 ,35200 0 0 0 0 0 0 0 0 0 ,2000 0 0 0 0 0 0 0 0 0 ,0,0,0,0,0,0,0,0,0,0,0,0( ) 0( ) 0( ) 0( ) ,0,0,0
20160913,135448055,135448055,83436000,430151.PT,430151,20160913,20160913,0( ),50000,0,0,0,0,0 0 0 0 0 0 0 0 0 0 ,0 0 0 0 0 0 0 0 0 0 ,0 0 0 0 0 0 0 0 0 0 ,0 0 0 0 0 0 0 0 0 0 ,0,0,0,0,0,0,0,0,0,0,0,0( ) 0( ) 0( ) 0( ) ,0,0,0
20160913,135448055,135448055,93004000,430152.PT,430152,20160913,20160913,0( ),30900,0,0,0,0,30700 0 0 0 0 0 0 0 0 0 ,2000 0 0 0 0 0 0 0 0 0 ,29200 0 0 0 0 0 0 0 0 0 ,2000 0 0 0 0 0 0 0 0 0 ,0,0,0,0,0,0,0,0,0,0,0,0( ) 0( ) 0( ) 0( ) ,0,0,0
20160913,135448055,135448055,83436000,430153.PT,430153,20160913,20160913,0( ),10000,0,0,0,0,0 0 0 0 0 0 0 0 0 0 ,0 0 0 0 0 0 0 0 0 0 ,0 0 0 0 0 0 0 0 0 0 ,0 0 0 0 0 0 0 0 0 0 ,0,0,0,0,0,0,0,0,0,0,0,0( ) 0( ) 0( ) 0( ) ,0,0,0
20160913,135448055,135448055,83436000,430154.PT,430154,20160913,20160913,0( ),25000,0,0,0,0,0 0 0 0 0 0 0 0 0 0 ,0 0 0 0 0 0 0 0 0 0 ,0 0 0 0 0 0 0 0 0 0 ,0 0 0 0 0 0 0 0 0 0 ,0,0,0,0,0,0,0,0,0,0,0,0( ) 0( ) 0( ) 0( ) ,0,0,0
20160913,135448055,135448055,133829000,430156.PT,430156,20160913,20160913,0( ),86600,135000,135000,135000,135000,145000 0 149800 0 150000 0 0 0 0 0 ,1000 0 1000 0 1000 0 0 0 0 0 ,135000 0 125000 0 121000 0 0 0 0 0 ,7000 0 1000 0 2000 0 0 0 0 0 ,0,1000,13500,0,0,0,0,0,0,0,0,0( ) 0( ) 0( ) 0( ) ,0,0,0
20160913,135448055,135448055,93004000,430157.PT,430157,20160913,20160913,0( ),78300,0,0,0,0,78300 0 80000 0 0 0 0 0 0 0 ,1000 0 1000 0 0 0 0 0 0 0 ,76000 0 74400 0 0 0 0 0 0 0 ,1000 0 1000 0 0 0 0 0 0 0 ,0,0,0,0,0,0,0,0,0,0,0,0( ) 0( ) 0( ) 0( ) ,0,0,0
20160913,135448055,135448055,135229000,430159.PT,430159,20160913,20160913,0( ),45400,44300,44500,44000,44000,44400 0 44500 0 45000 0 0 0 0 0 ,13000 0 4000 0 1000 0 0 0 0 0 ,43900 0 42800 0 42300 0 0 0 0 0 ,2000 0 1000 0 4000 0 0 0 0 0 ,0,10000,44130,0,0,0,0,0,0,0,0,0( ) 0( ) 0( ) 0( ) ,0,0,0
20160913,135448055,135448055,83436000,430160.PT,430160,20160913,20160913,0( ),40500,0,0,0,0,0 0 0 0 0 0 0 0 0 0 ,0 0 0 0 0 0 0 0 0 0 ,0 0 0 0 0 0 0 0 0 0 ,0 0 0 0 0 0 0 0 0 0 ,0,0,0,0,0,0,0,0,0,0,0,0( ) 0( ) 0( ) 0( ) ,0,0,0
20160913,135448055,135448055,133817000,430161.PT,430161,20160913,20160913,0( ),70000,70100,70100,68000,70000,70000 0 70100 0 70300 0 0 0 0 0 ,5000 0 5000 0 1000 0 0 0 0 0 ,68300 0 68200 0 68000 0 0 0 0 0 ,3000 0 5000 0 10000 0 0 0 0 0 ,0,33000,229730,0,0,0,0,0,0,0,0,0( ) 0( ) 0( ) 0( ) ,0,0,0
20160913,135448055,135448055,83436000,430162.PT,430162,20160913,20160913,0( ),200000,0,0,0,0,0 0 0 0 0 0 0 0 0 0 ,0 0 0 0 0 0 0 0 0 0 ,0 0 0 0 0 0 0 0 0 0 ,0 0 0 0 0 0 0 0 0 0 ,0,0,0,0,0,0,0,0,0,0,0,0( ) 0( ) 0( ) 0( ) ,0,0,0
20160913,135448055,135448055,135116000,430163.PT,430163,20160913,20160913,0( ),29900,30000,30000,30000,30000,30000 0 30300 0 30500 0 0 0 0 0 ,3000 0 2000 0 1000 0 0 0 0 0 ,29000 0 28900 0 28800 0 0 0 0 0 ,1000 0 1000 0 1000 0 0 0 0 0 ,0,1000,3000,0,0,0,0,0,0,0,0,0( ) 0( ) 0( ) 0( ) ,0,0,0
20160913,135448055,135448055,93004000,430164.PT,430164,20160913,20160913,0( ),74000,0,0,0,0,75800 0 0 0 0 0 0 0 0 0 ,3000 0 0 0 0 0 0 0 0 0 ,72100 0 0 0 0 0 0 0 0 0 ,3000 0 0 0 0 0 0 0 0 0 ,0,0,0,0,0,0,0,0,0,0,0,0( ) 0( ) 0( ) 0( ) ,0,0,0
20160913,135448055,135448055,111328000,430165.PT,430165,20160913,20160913,0( ),60000,60900,60900,57900,57900,60400 0 60500 0 60700 0 0 0 0 0 ,3000 0 1000 0 1000 0 0 0 0 0 ,57800 0 57700 0 57500 0 0 0 0 0 ,1000 0 1000 0 1000 0 0 0 0 0 ,0,9000,52930,0,0,0,0,0,0,0,0,0( ) 0( ) 0( ) 0( ) ,0,0,0
20160913,135448055,135448055,83436000,430166.PT,430166,20160913,20160913,0( ),10000,0,0,0,0,0 0 0 0 0 0 0 0 0 0 ,0 0 0 0 0 0 0 0 0 0 ,0 0 0 0 0 0 0 0 0 0 ,0 0 0 0 0 0 0 0 0 0 ,0,0,0,0,0,0,0,0,0,0,0,0( ) 0( ) 0( ) 0( ) ,0,0,0
20160913,135448055,135448055,83436000,430167.PT,430167,20160913,20160913,0( ),12000,0,0,0,0,0 0 0 0 0 0 0 0 0 0 ,0 0 0 0 0 0 0 0 0 0 ,0 0 0 0 0 0 0 0 0 0 ,0 0 0 0 0 0 0 0 0 0 ,0,0,0,0,0,0,0,0,0,0,0,0( ) 0( ) 0( ) 0( ) ,0,0,0
20160913,135448055,135448055,110408000,430168.PT,430168,20160913,20160913,0( ),90000,0,0,0,0,89000 0 89100 0 0 0 0 0 0 0 ,10710 0 5426 0 0 0 0 0 0 0 ,0 0 0 0 0 0 0 0 0 0 ,0 0 0 0 0 0 0 0 0 0 ,0,0,0,0,0,0,0,0,0,0,0,0( ) 0( ) 0( ) 0( ) ,0,0,0
20160913,135448055,135448055,93004000,430169.PT,430169,20160913,20160913,0( ),92000,0,0,0,0,93000 0 93200 0 93300 0 0 0 0 0 ,1000 0 1000 0 2000 0 0 0 0 0 ,90000 0 88700 0 88600 0 0 0 0 0 ,1000 0 2000 0 1000 0 0 0 0 0 ,0,0,0,0,0,0,0,0,0,0,0,0( ) 0( ) 0( ) 0( ) ,0,0,0
20160913,135448055,135448055,101252000,430170.PT,430170,20160913,20160913,0( ),30000,0,0,0,0,38000 0 40000 0 77000 0 0 0 0 0 ,10000 0 33926 0 6000 0 0 0 0 0 ,0 0 0 0 0 0 0 0 0 0 ,0 0 0 0 0 0 0 0 0 0 ,0,0,0,0,0,0,0,0,0,0,0,0( ) 0( ) 0( ) 0( ) ,0,0,0
20160913,135448055,135448055,83436000,430171.PT,430171,20160913,20160913,0( ),10000,0,0,0,0,0 0 0 0 0 0 0 0 0 0 ,0 0 0 0 0 0 0 0 0 0 ,0 0 0 0 0 0 0 0 0 0 ,0 0 0 0 0 0 0 0 0 0 ,0,0,0,0,0,0,0,0,0,0,0,0( ) 0( ) 0( ) 0( ) ,0,0,0
20160913,135448055,135448055,83436000,430172.PT,430172,20160913,20160913,0( ),64500,0,0,0,0,0 0 0 0 0 0 0 0 0 0 ,0 0 0 0 0 0 0 0 0 0 ,0 0 0 0 0 0 0 0 0 0 ,0 0 0 0 0 0 0 0 0 0 ,0,0,0,0,0,0,0,0,0,0,0,0( ) 0( ) 0( ) 0( ) ,0,0,0
20160913,135448055,135448055,133841000,430173.PT,430173,20160913,20160913,0( ),165000,163000,163000,163000,163000,170000 0 180000 0 0 0 0 0 0 0 ,48000 0 5000 0 0 0 0 0 0 0 ,160000 0 156800 0 155000 0 0 0 0 0 ,5000 0 1000 0 2000 0 0 0 0 0 ,0,5000,81500,0,0,0,0,0,0,0,0,0( ) 0( ) 0( ) 0( ) ,0,0,0
20160913,135448055,135448055,132528000,430174.PT,430174,20160913,20160913,0( ),74200,74500,74500,74500,74500,74500 0 75200 0 75300 0 0 0 0 0 ,11000 0 1000 0 1000 0 0 0 0 0 ,71900 0 71800 0 71600 0 0 0 0 0 ,4000 0 5000 0 1000 0 0 0 0 0 ,0,4000,29800,0,0,0,0,0,0,0,0,0( ) 0( ) 0( ) 0( ) ,0,0,0
20160913,135448055,135448055,93004000,430175.PT,430175,20160913,20160913,0( ),87400,0,0,0,0,87800 0 88300 0 88900 0 0 0 0 0 ,5000 0 1000 0 1000 0 0 0 0 0 ,86100 0 85300 0 85200 0 0 0 0 0 ,1000 0 1000 0 1000 0 0 0 0 0 ,0,0,0,0,0,0,0,0,0,0,0,0( ) 0( ) 0( ) 0( ) ,0,0,0
20160913,135448055,135448055,93040000,430176.PT,430176,20160913,20160913,0( ),191900,0,0,0,0,194700 0 194800 0 194900 0 0 0 0 0 ,1000 0 4000 0 1000 0 0 0 0 0 ,185300 0 185200 0 185100 0 0 0 0 0 ,1000 0 1000 0 4000 0 0 0 0 0 ,0,0,0,0,0,0,0,0,0,0,0,0( ) 0( ) 0( ) 0( ) ,0,0,0
20160913,135448055,135448055,134640000,430177.PT,430177,20160913,20160913,0( ),76100,75900,76000,75500,76000,76200 0 76300 0 76400 0 0 0 0 0 ,10000 0 11000 0 10000 0 0 0 0 0 ,75300 0 75200 0 74700 0 0 0 0 0 ,1000 0 2000 0 1000 0 0 0 0 0 ,0,13000,98610,0,0,0,0,0,0,0,0,0( ) 0( ) 0( ) 0( ) ,0,0,0
20160913,135448055,135448055,134116000,430178.PT,430178,20160913,20160913,0( ),268800,269800,269800,269800,269800,269800 0 272000 0 303300 0 0 0 0 0 ,5000 0 5000 0 5000 0 0 0 0 0 ,28000 0 0 0 0 0 0 0 0 0 ,30000 0 0 0 0 0 0 0 0 0 ,0,4000,107920,0,0,0,0,0,0,0,0,0( ) 0( ) 0( ) 0( ) ,0,0,0
20160913,135448055,135448055,93004000,430179.PT,430179,20160913,20160913,0( ),70500,0,0,0,0,70500 0 71900 0 0 0 0 0 0 0 ,3000 0 1000 0 0 0 0 0 0 0 ,68400 0 67300 0 0 0 0 0 0 0 ,1000 0 1000 0 0 0 0 0 0 0 ,0,0,0,0,0,0,0,0,0,0,0,0( ) 0( ) 0( ) 0( ) ,0,0,0
20160913,135448055,135448055,83436000,430181.PT,430181,20160913,20160913,0( ),350000,0,0,0,0,0 0 0 0 0 0 0 0 0 0 ,0 0 0 0 0 0 0 0 0 0 ,0 0 0 0 0 0 0 0 0 0 ,0 0 0 0 0 0 0 0 0 0 ,0,0,0,0,0,0,0,0,0,0,0,0( ) 0( ) 0( ) 0( ) ,0,0,0
20160913,135448055,135448055,131804000,430182.PT,430182,20160913,20160913,0( ),119600,82000,82000,82000,82000,85000 0 88900 0 89100 0 0 0 0 0 ,11000 0 3000 0 20000 0 0 0 0 0 ,75000 0 70100 0 70000 0 0 0 0 0 ,10000 0 9000 0 5000 0 0 0 0 0 ,0,1000,8200,0,0,0,0,0,0,0,0,0( ) 0( ) 0( ) 0( ) ,0,0,0
20160913,135448055,135448055,93004000,430183.PT,430183,20160913,20160913,0( ),36900,0,0,0,0,37000 0 37100 0 0 0 0 0 0 0 ,3000 0 3000 0 0 0 0 0 0 0 ,35300 0 35200 0 0 0 0 0 0 0 ,3000 0 3000 0 0 0 0 0 0 0 ,0,0,0,0,0,0,0,0,0,0,0,0( ) 0( ) 0( ) 0( ) ,0,0,0
20160913,135448055,135448055,130004000,430184.PT,430184,20160913,20160913,0( ),26000,0,0,0,0,24000 0 25000 0 25900 0 0 0 0 0 ,20000 0 20000 0 20000 0 0 0 0 0 ,0 0 0 0 0 0 0 0 0 0 ,0 0 0 0 0 0 0 0 0 0 ,0,0,0,0,0,0,0,0,0,0,0,0( ) 0( ) 0( ) 0( ) ,0,0,0
20160913,135448055,135448055,83436000,430185.PT,430185,20160913,20160913,0( ),25000,0,0,0,0,0 0 0 0 0 0 0 0 0 0 ,0 0 0 0 0 0 0 0 0 0 ,0 0 0 0 0 0 0 0 0 0 ,0 0 0 0 0 0 0 0 0 0 ,0,0,0,0,0,0,0,0,0,0,0,0( ) 0( ) 0( ) 0( ) ,0,0,0
20160913,135448055,135448055,101904000,430186.PT,430186,20160913,20160913,0( ),20100,19500,19500,19500,19500,20000 0 20200 0 0 0 0 0 0 0 ,1000 0 1000 0 0 0 0 0 0 0 ,19200 0 19000 0 0 0 0 0 0 0 ,1000 0 1000 0 0 0 0 0 0 0 ,0,2000,3900,0,0,0,0,0,0,0,0,0( ) 0( ) 0( ) 0( ) ,0,0,0
20160913,135448055,135448055,83436000,430187.PT,430187,20160913,20160913,0( ),150000,0,0,0,0,0 0 0 0 0 0 0 0 0 0 ,0 0 0 0 0 0 0 0 0 0 ,0 0 0 0 0 0 0 0 0 0 ,0 0 0 0 0 0 0 0 0 0 ,0,0,0,0,0,0,0,0,0,0,0,0( ) 0( ) 0( ) 0( ) ,0,0,0
20160913,135448055,135448055,110916000,430188.PT,430188,20160913,20160913,0( ),30000,0,0,0,0,110000 0 0 0 0 0 0 0 0 0 ,10000 0 0 0 0 0 0 0 0 0 ,10000 0 0 0 0 0 0 0 0 0 ,20000 0 0 0 0 0 0 0 0 0 ,0,0,0,0,0,0,0,0,0,0,0,0( ) 0( ) 0( ) 0( ) ,0,0,0
20160913,135448055,135448055,83436000,430189.PT,430189,20160913,20160913,0( ),10000,0,0,0,0,0 0 0 0 0 0 0 0 0 0 ,0 0 0 0 0 0 0 0 0 0 ,0 0 0 0 0 0 0 0 0 0 ,0 0 0 0 0 0 0 0 0 0 ,0,0,0,0,0,0,0,0,0,0,0,0( ) 0( ) 0( ) 0( ) ,0,0,0
20160913,135448055,135448055,93004000,430190.PT,430190,20160913,20160913,0( ),59700,0,0,0,0,59800 0 60100 0 0 0 0 0 0 0 ,5000 0 1000 0 0 0 0 0 0 0 ,57100 0 57000 0 56900 0 0 0 0 0 ,1000 0 1000 0 1000 0 0 0 0 0 ,0,0,0,0,0,0,0,0,0,0,0,0( ) 0( ) 0( ) 0( ) ,0,0,0
20160913,135448055,135448055,93941000,430191.PT,430191,20160913,20160913,0( ),32800,0,0,0,0,33200 0 33400 0 33600 0 0 0 0 0 ,4000 0 1000 0 1000 0 0 0 0 0 ,32000 0 31900 0 31600 0 0 0 0 0 ,1000 0 1000 0 4000 0 0 0 0 0 ,0,0,0,0,0,0,0,0,0,0,0,0( ) 0( ) 0( ) 0( ) ,0,0,0
20160913,135448055,135448055,83436000,430193.PT,430193,20160913,20160913,0( ),306000,0,0,0,0,0 0 0 0 0 0 0 0 0 0 ,0 0 0 0 0 0 0 0 0 0 ,0 0 0 0 0 0 0 0 0 0 ,0 0 0 0 0 0 0 0 0 0 ,0,0,0,0,0,0,0,0,0,0,0,0( ) 0( ) 0( ) 0( ) ,0,0,0
20160913,135448055,135448055,135105000,430194.PT,430194,20160913,20160913,0( ),48200,66000,66000,66000,66000,0 0 0 0 0 0 0 0 0 0 ,0 0 0 0 0 0 0 0 0 0 ,0 0 0 0 0 0 0 0 0 0 ,0 0 0 0 0 0 0 0 0 0 ,0,38000,250800,0,0,0,0,0,0,0,0,0( ) 0( ) 0( ) 0( ) ,0,0,0
20160913,135448055,135448055,83436000,430195.PT,430195,20160913,20160913,0( ),11400,0,0,0,0,0 0 0 0 0 0 0 0 0 0 ,0 0 0 0 0 0 0 0 0 0 ,0 0 0 0 0 0 0 0 0 0 ,0 0 0 0 0 0 0 0 0 0 ,0,0,0,0,0,0,0,0,0,0,0,0( ) 0( ) 0( ) 0( ) ,0,0,0
20160913,135448055,135448055,132253000,430196.PT,430196,20160913,20160913,0( ),16100,15700,16200,15600,16200,16200 0 16400 0 0 0 0 0 0 0 ,1000 0 3000 0 0 0 0 0 0 0 ,15600 0 15500 0 0 0 0 0 0 0 ,3000 0 1000 0 0 0 0 0 0 0 ,0,7000,11070,0,0,0,0,0,0,0,0,0( ) 0( ) 0( ) 0( ) ,0,0,0
20160913,135448055,135448055,100228000,430197.PT,430197,20160913,20160913,0( ),140000,0,0,0,0,60000 0 0 0 0 0 0 0 0 0 ,5000 0 0 0 0 0 0 0 0 0 ,10000 0 0 0 0 0 0 0 0 0 ,5000 0 0 0 0 0 0 0 0 0 ,0,0,0,0,0,0,0,0,0,0,0,0( ) 0( ) 0( ) 0( ) ,0,0,0
20160913,135448055,135448055,135216000,430198.PT,430198,20160913,20160913,0( ),94100,96000,98500,93500,96000,99000 0 99500 0 100000 0 0 0 0 0 ,1000 0 2000 0 4000 0 0 0 0 0 ,95500 0 95000 0 94600 0 0 0 0 0 ,1000 0 4000 0 1000 0 0 0 0 0 ,0,73000,708790,0,0,0,0,0,0,0,0,0( ) 0( ) 0( ) 0( ) ,0,0,0
20160913,135448055,135448055,95053000,430199.PT,430199,20160913,20160913,0( ),11000,0,0,0,0,70000 0 120000 0 0 0 0 0 0 0 ,5000 0 10000 0 0 0 0 0 0 0 ,5000 0 0 0 0 0 0 0 0 0 ,10000 0 0 0 0 0 0 0 0 0 ,0,0,0,0,0,0,0,0,0,0,0,0( ) 0( ) 0( ) 0( ) ,0,0,0
20160913,135448055,135448055,101229000,430200.PT,430200,20160913,20160913,0( ),30000,0,0,0,0,68600 0 0 0 0 0 0 0 0 0 ,2000 0 0 0 0 0 0 0 0 0 ,0 0 0 0 0 0 0 0 0 0 ,0 0 0 0 0 0 0 0 0 0 ,0,0,0,0,0,0,0,0,0,0,0,0( ) 0( ) 0( ) 0( ) ,0,0,0
20160913,135448055,135448055,83436000,430202.PT,430202,20160913,20160913,0( ),16100,0,0,0,0,0 0 0 0 0 0 0 0 0 0 ,0 0 0 0 0 0 0 0 0 0 ,0 0 0 0 0 0 0 0 0 0 ,0 0 0 0 0 0 0 0 0 0 ,0,0,0,0,0,0,0,0,0,0,0,0( ) 0( ) 0( ) 0( ) ,0,0,0
20160913,135448055,135448055,83436000,430203.PT,430203,20160913,20160913,0( ),10000,0,0,0,0,0 0 0 0 0 0 0 0 0 0 ,0 0 0 0 0 0 0 0 0 0 ,0 0 0 0 0 0 0 0 0 0 ,0 0 0 0 0 0 0 0 0 0 ,0,0,0,0,0,0,0,0,0,0,0,0( ) 0( ) 0( ) 0( ) ,0,0,0
20160913,135448055,135448055,93004000,430205.PT,430205,20160913,20160913,0( ),26900,0,0,0,0,27000 0 0 0 0 0 0 0 0 0 ,4000 0 0 0 0 0 0 0 0 0 ,25700 0 0 0 0 0 0 0 0 0 ,2000 0 0 0 0 0 0 0 0 0 ,0,0,0,0,0,0,0,0,0,0,0,0( ) 0( ) 0( ) 0( ) ,0,0,0
20160913,135448055,135448055,83436000,430206.PT,430206,20160913,20160913,0( ),138200,0,0,0,0,0 0 0 0 0 0 0 0 0 0 ,0 0 0 0 0 0 0 0 0 0 ,0 0 0 0 0 0 0 0 0 0 ,0 0 0 0 0 0 0 0 0 0 ,0,0,0,0,0,0,0,0,0,0,0,0( ) 0( ) 0( ) 0( ) ,0,0,0
20160913,135448055,135448055,135429000,430207.PT,430207,20160913,20160913,0( ),89600,0,0,0,0,89600 0 0 0 0 0 0 0 0 0 ,1000 0 0 0 0 0 0 0 0 0 ,0 0 0 0 0 0 0 0 0 0 ,0 0 0 0 0 0 0 0 0 0 ,0,0,0,0,0,0,0,0,0,0,0,0( ) 0( ) 0( ) 0( ) ,0,0,0
20160913,135448055,135448055,110052000,430208.PT,430208,20160913,20160913,0( ),128500,130000,130000,130000,130000,130500 0 131000 0 131500 0 0 0 0 0 ,1000 0 12000 0 5000 0 0 0 0 0 ,129000 0 127300 0 127100 0 0 0 0 0 ,10000 0 1000 0 2000 0 0 0 0 0 ,0,10000,130000,0,0,0,0,0,0,0,0,0( ) 0( ) 0( ) 0( ) ,0,0,0
20160913,135448055,135448055,93004000,430209.PT,430209,20160913,20160913,0( ),43400,0,0,0,0,43400 0 43500 0 0 0 0 0 0 0 ,1000 0 4000 0 0 0 0 0 0 0 ,41400 0 41300 0 0 0 0 0 0 0 ,4000 0 1000 0 0 0 0 0 0 0 ,0,0,0,0,0,0,0,0,0,0,0,0( ) 0( ) 0( ) 0( ) ,0,0,0
20160913,135448055,135448055,135140000,430210.PT,430210,20160913,20160913,0( ),79000,0,0,0,0,98700 0 0 0 0 0 0 0 0 0 ,2000 0 0 0 0 0 0 0 0 0 ,0 0 0 0 0 0 0 0 0 0 ,0 0 0 0 0 0 0 0 0 0 ,0,0,0,0,0,0,0,0,0,0,0,0( ) 0( ) 0( ) 0( ) ,0,0,0
20160913,135448055,135448055,110616000,430211.PT,430211,20160913,20160913,0( ),89600,87400,89200,87400,88600,89200 0 89700 0 90200 0 0 0 0 0 ,1000 0 2000 0 2000 0 0 0 0 0 ,86500 0 86000 0 85700 0 0 0 0 0 ,1000 0 1000 0 2000 0 0 0 0 0 ,0,5000,44230,0,0,0,0,0,0,0,0,0( ) 0( ) 0( ) 0( ) ,0,0,0
20160913,135448055,135448055,93004000,430212.PT,430212,20160913,20160913,0( ),27800,0,0,0,0,28400 0 28700 0 0 0 0 0 0 0 ,4000 0 1000 0 0 0 0 0 0 0 ,27300 0 27000 0 0 0 0 0 0 0 ,1000 0 2000 0 0 0 0 0 0 0 ,0,0,0,0,0,0,0,0,0,0,0,0( ) 0( ) 0( ) 0( ) ,0,0,0
20160913,135448055,135448055,83436000,430213.PT,430213,20160913,20160913,0( ),180000,0,0,0,0,0 0 0 0 0 0 0 0 0 0 ,0 0 0 0 0 0 0 0 0 0 ,0 0 0 0 0 0 0 0 0 0 ,0 0 0 0 0 0 0 0 0 0 ,0,0,0,0,0,0,0,0,0,0,0,0( ) 0( ) 0( ) 0( ) ,0,0,0
20160913,135448055,135448055,111440000,430214.PT,430214,20160913,20160913,0( ),24600,25300,25400,24500,24500,25500 0 25700 0 0 0 0 0 0 0 ,2000 0 2000 0 0 0 0 0 0 0 ,24500 0 24300 0 0 0 0 0 0 0 ,2000 0 2000 0 0 0 0 0 0 0 ,0,8000,20110,0,0,0,0,0,0,0,0,0( ) 0( ) 0( ) 0( ) ,0,0,0
20160913,135448055,135448055,83436000,430215.PT,430215,20160913,20160913,0( ),55700,0,0,0,0,0 0 0 0 0 0 0 0 0 0 ,0 0 0 0 0 0 0 0 0 0 ,0 0 0 0 0 0 0 0 0 0 ,0 0 0 0 0 0 0 0 0 0 ,0,0,0,0,0,0,0,0,0,0,0,0( ) 0( ) 0( ) 0( ) ,0,0,0
20160913,135448055,135448055,101628000,430216.PT,430216,20160913,20160913,0( ),485100,485100,485100,485100,485100,485100 0 0 0 0 0 0 0 0 0 ,1250 0 0 0 0 0 0 0 0 0 ,0 0 0 0 0 0 0 0 0 0 ,0 0 0 0 0 0 0 0 0 0 ,0,737,35751,0,0,0,0,0,0,0,0,0( ) 0( ) 0( ) 0( ) ,0,0,0
20160913,135448055,135448055,83436000,430217.PT,430217,20160913,20160913,0( ),30000,0,0,0,0,0 0 0 0 0 0 0 0 0 0 ,0 0 0 0 0 0 0 0 0 0 ,0 0 0 0 0 0 0 0 0 0 ,0 0 0 0 0 0 0 0 0 0 ,0,0,0,0,0,0,0,0,0,0,0,0( ) 0( ) 0( ) 0( ) ,0,0,0
20160913,135448055,135448055,93004000,430221.PT,430221,20160913,20160913,0( ),15100,0,0,0,0,15700 0 0 0 0 0 0 0 0 0 ,2000 0 0 0 0 0 0 0 0 0 ,15000 0 0 0 0 0 0 0 0 0 ,2000 0 0 0 0 0 0 0 0 0 ,0,0,0,0,0,0,0,0,0,0,0,0( ) 0( ) 0( ) 0( ) ,0,0,0
20160913,135448055,135448055,133028000,430222.PT,430222,20160913,20160913,0( ),131000,130000,130000,130000,130000,131300 0 131500 0 131800 0 0 0 0 0 ,5000 0 12000 0 1000 0 0 0 0 0 ,130000 0 129800 0 129600 0 0 0 0 0 ,10000 0 1000 0 1000 0 0 0 0 0 ,0,1000,13000,0,0,0,0,0,0,0,0,0( ) 0( ) 0( ) 0( ) ,0,0,0
20160913,135448055,135448055,134828000,430223.PT,430223,20160913,20160913,0( ),190000,191000,193000,191000,192700,193300 0 193400 0 193500 0 0 0 0 0 ,1000 0 5000 0 5000 0 0 0 0 0 ,192200 0 192000 0 191800 0 0 0 0 0 ,1000 0 21000 0 5000 0 0 0 0 0 ,0,51000,977580,0,0,0,0,0,0,0,0,0( ) 0( ) 0( ) 0( ) ,0,0,0
20160913,135448055,135448055,83436000,430224.PT,430224,20160913,20160913,0( ),199700,0,0,0,0,0 0 0 0 0 0 0 0 0 0 ,0 0 0 0 0 0 0 0 0 0 ,0 0 0 0 0 0 0 0 0 0 ,0 0 0 0 0 0 0 0 0 0 ,0,0,0,0,0,0,0,0,0,0,0,0( ) 0( ) 0( ) 0( ) ,0,0,0
20160913,135448055,135448055,130128000,430225.PT,430225,20160913,20160913,0( ),101000,101000,104900,101000,104900,104900 0 105000 0 105100 0 0 0 0 0 ,2000 0 6000 0 2000 0 0 0 0 0 ,103000 0 102700 0 101600 0 0 0 0 0 ,10000 0 1000 0 1000 0 0 0 0 0 ,0,77000,787810,0,0,0,0,0,0,0,0,0( ) 0( ) 0( ) 0( ) ,0,0,0
20160913,135448055,135448055,93004000,430226.PT,430226,20160913,20160913,0( ),52500,0,0,0,0,53000 0 53300 0 0 0 0 0 0 0 ,3000 0 4000 0 0 0 0 0 0 0 ,50700 0 50400 0 0 0 0 0 0 0 ,4000 0 3000 0 0 0 0 0 0 0 ,0,0,0,0,0,0,0,0,0,0,0,0( ) 0( ) 0( ) 0( ) ,0,0,0
20160913,135448055,135448055,83436000,430227.PT,430227,20160913,20160913,0( ),10000,0,0,0,0,0 0 0 0 0 0 0 0 0 0 ,0 0 0 0 0 0 0 0 0 0 ,0 0 0 0 0 0 0 0 0 0 ,0 0 0 0 0 0 0 0 0 0 ,0,0,0,0,0,0,0,0,0,0,0,0( ) 0( ) 0( ) 0( ) ,0,0,0
20160913,135448055,135448055,83436000,430228.PT,430228,20160913,20160913,0( ),14300,0,0,0,0,0 0 0 0 0 0 0 0 0 0 ,0 0 0 0 0 0 0 0 0 0 ,0 0 0 0 0 0 0 0 0 0 ,0 0 0 0 0 0 0 0 0 0 ,0,0,0,0,0,0,0,0,0,0,0,0( ) 0( ) 0( ) 0( ) ,0,0,0
20160913,135448055,135448055,133940000,430229.PT,430229,20160913,20160913,0( ),229500,225900,228600,225000,228600,229000 0 229500 0 230000 0 0 0 0 0 ,20000 0 5000 0 1000 0 0 0 0 0 ,223600 0 223500 0 223000 0 0 0 0 0 ,5000 0 2000 0 10000 0 0 0 0 0 ,0,13000,293310,0,0,0,0,0,0,0,0,0( ) 0( ) 0( ) 0( ) ,0,0,0
20160913,135448055,135448055,133104000,430230.PT,430230,20160913,20160913,0( ),51000,29900,35000,20000,26500,26400 0 26500 0 26600 0 0 0 0 0 ,3000 0 52000 0 3000 0 0 0 0 0 ,21200 0 21100 0 21000 0 0 0 0 0 ,6000 0 1000 0 10000 0 0 0 0 0 ,0,220750,495977,0,0,0,0,0,0,0,0,0( ) 0( ) 0( ) 0( ) ,0,0,0
20160913,135448055,135448055,83436000,430232.PT,430232,20160913,20160913,0( ),142200,0,0,0,0,0 0 0 0 0 0 0 0 0 0 ,0 0 0 0 0 0 0 0 0 0 ,0 0 0 0 0 0 0 0 0 0 ,0 0 0 0 0 0 0 0 0 0 ,0,0,0,0,0,0,0,0,0,0,0,0( ) 0( ) 0( ) 0( ) ,0,0,0
20160913,135448055,135448055,83436000,430233.PT,430233,20160913,20160913,0( ),76000,0,0,0,0,0 0 0 0 0 0 0 0 0 0 ,0 0 0 0 0 0 0 0 0 0 ,0 0 0 0 0 0 0 0 0 0 ,0 0 0 0 0 0 0 0 0 0 ,0,0,0,0,0,0,0,0,0,0,0,0( ) 0( ) 0( ) 0( ) ,0,0,0
20160913,135448055,135448055,134540000,430234.PT,430234,20160913,20160913,0( ),70000,71700,74000,71700,74000,74500 0 75200 0 0 0 0 0 0 0 ,1000 0 1000 0 0 0 0 0 0 0 ,71500 0 70800 0 0 0 0 0 0 0 ,1000 0 1000 0 0 0 0 0 0 0 ,0,7000,51250,0,0,0,0,0,0,0,0,0( ) 0( ) 0( ) 0( ) ,0,0,0
20160913,135448055,135448055,83436000,430235.PT,430235,20160913,20160913,0( ),25000,0,0,0,0,0 0 0 0 0 0 0 0 0 0 ,0 0 0 0 0 0 0 0 0 0 ,0 0 0 0 0 0 0 0 0 0 ,0 0 0 0 0 0 0 0 0 0 ,0,0,0,0,0,0,0,0,0,0,0,0( ) 0( ) 0( ) 0( ) ,0,0,0
20160913,135448055,135448055,130741000,430236.PT,430236,20160913,20160913,0( ),25500,24300,25200,23600,25200,25200 0 25500 0 25700 0 0 0 0 0 ,5000 0 1000 0 1000 0 0 0 0 0 ,24500 0 24300 0 24000 0 0 0 0 0 ,1000 0 1000 0 5000 0 0 0 0 0 ,0,35000,85610,0,0,0,0,0,0,0,0,0( ) 0( ) 0( ) 0( ) ,0,0,0
20160913,135448055,135448055,134804000,430237.PT,430237,20160913,20160913,0( ),106000,106000,106000,104000,105500,105500 0 107000 0 107500 0 0 0 0 0 ,3000 0 1000 0 2000 0 0 0 0 0 ,103800 0 103000 0 102500 0 0 0 0 0 ,1000 0 1000 0 3000 0 0 0 0 0 ,0,27000,281750,0,0,0,0,0,0,0,0,0( ) 0( ) 0( ) 0( ) ,0,0,0
20160913,135448055,135448055,103351000,430238.PT,430238,20160913,20160913,0( ),47300,0,0,0,0,47600 0 47800 0 48200 0 0 0 0 0 ,4000 0 1000 0 2000 0 0 0 0 0 ,46500 0 46400 0 45900 0 0 0 0 0 ,1000 0 2000 0 1000 0 0 0 0 0 ,0,0,0,0,0,0,0,0,0,0,0,0( ) 0( ) 0( ) 0( ) ,0,0,0
20160913,135448055,135448055,83436000,430239.PT,430239,20160913,20160913,0( ),280000,0,0,0,0,0 0 0 0 0 0 0 0 0 0 ,0 0 0 0 0 0 0 0 0 0 ,0 0 0 0 0 0 0 0 0 0 ,0 0 0 0 0 0 0 0 0 0 ,0,0,0,0,0,0,0,0,0,0,0,0( ) 0( ) 0( ) 0( ) ,0,0,0
20160913,135448055,135448055,104916000,430240.PT,430240,20160913,20160913,0( ),50400,50300,50300,50000,50000,51500 0 51700 0 51800 0 0 0 0 0 ,15000 0 1000 0 10000 0 0 0 0 0 ,50000 0 49600 0 49500 0 0 0 0 0 ,5000 0 3000 0 2000 0 0 0 0 0 ,0,20000,100450,0,0,0,0,0,0,0,0,0( ) 0( ) 0( ) 0( ) ,0,0,0
20160913,135448055,135448055,93004000,430241.PT,430241,20160913,20160913,0( ),19600,0,0,0,0,19900 0 0 0 0 0 0 0 0 0 ,3000 0 0 0 0 0 0 0 0 0 ,19000 0 0 0 0 0 0 0 0 0 ,3000 0 0 0 0 0 0 0 0 0 ,0,0,0,0,0,0,0,0,0,0,0,0( ) 0( ) 0( ) 0( ) ,0,0,0
20160913,135448055,135448055,93941000,430243.PT,430243,20160913,20160913,0( ),111000,0,0,0,0,111900 0 112000 0 113200 0 0 0 0 0 ,1000 0 4000 0 1000 0 0 0 0 0 ,107600 0 107500 0 106400 0 0 0 0 0 ,1000 0 1000 0 4000 0 0 0 0 0 ,0,0,0,0,0,0,0,0,0,0,0,0( ) 0( ) 0( ) 0( ) ,0,0,0
20160913,135448055,135448055,134029000,430244.PT,430244,20160913,20160913,0( ),98500,99900,99900,97000,97500,99100 0 99400 0 99600 0 0 0 0 0 ,8000 0 10000 0 5000 0 0 0 0 0 ,96900 0 96800 0 95600 0 0 0 0 0 ,7000 0 1000 0 1000 0 0 0 0 0 ,0,39000,380630,0,0,0,0,0,0,0,0,0( ) 0( ) 0( ) 0( ) ,0,0,0
20160913,135448055,135448055,93004000,430245.PT,430245,20160913,20160913,0( ),51900,0,0,0,0,52000 0 52400 0 52900 0 0 0 0 0 ,6000 0 2000 0 1000 0 0 0 0 0 ,50400 0 49800 0 49500 0 0 0 0 0 ,2000 0 2000 0 3000 0 0 0 0 0 ,0,0,0,0,0,0,0,0,0,0,0,0( ) 0( ) 0( ) 0( ) ,0,0,0
20160913,135448055,135448055,83436000,430246.PT,430246,20160913,20160913,0( ),10000,0,0,0,0,0 0 0 0 0 0 0 0 0 0 ,0 0 0 0 0 0 0 0 0 0 ,0 0 0 0 0 0 0 0 0 0 ,0 0 0 0 0 0 0 0 0 0 ,0,0,0,0,0,0,0,0,0,0,0,0( ) 0( ) 0( ) 0( ) ,0,0,0
20160913,135448055,135448055,134604000,430247.PT,430247,20160913,20160913,0( ),81500,82400,83500,81000,81000,84200 0 84300 0 84400 0 0 0 0 0 ,1000 0 1000 0 4000 0 0 0 0 0 ,80200 0 80100 0 80000 0 0 0 0 0 ,2000 0 1000 0 1000 0 0 0 0 0 ,0,35000,289560,0,0,0,0,0,0,0,0,0( ) 0( ) 0( ) 0( ) ,0,0,0
20160913,135448055,135448055,83436000,430248.PT,430248,20160913,20160913,0( ),10000,0,0,0,0,0 0 0 0 0 0 0 0 0 0 ,0 0 0 0 0 0 0 0 0 0 ,0 0 0 0 0 0 0 0 0 0 ,0 0 0 0 0 0 0 0 0 0 ,0,0,0,0,0,0,0,0,0,0,0,0( ) 0( ) 0( ) 0( ) ,0,0,0
20160913,135448055,135448055,83436000,430249.PT,430249,20160913,20160913,0( ),8000,0,0,0,0,0 0 0 0 0 0 0 0 0 0 ,0 0 0 0 0 0 0 0 0 0 ,0 0 0 0 0 0 0 0 0 0 ,0 0 0 0 0 0 0 0 0 0 ,0,0,0,0,0,0,0,0,0,0,0,0( ) 0( ) 0( ) 0( ) ,0,0,0
20160913,135448055,135448055,135053000,430250.PT,430250,20160913,20160913,0( ),20000,0,0,0,0,50000 0 0 0 0 0 0 0 0 0 ,45000 0 0 0 0 0 0 0 0 0 ,0 0 0 0 0 0 0 0 0 0 ,0 0 0 0 0 0 0 0 0 0 ,0,0,0,0,0,0,0,0,0,0,0,0( ) 0( ) 0( ) 0( ) ,0,0,0
20160913,135448055,135448055,132028000,430251.PT,430251,20160913,20160913,0( ),32800,30500,31100,30200,31100,31200 0 32000 0 32100 0 0 0 0 0 ,1000 0 1000 0 1000 0 0 0 0 0 ,30500 0 29700 0 0 0 0 0 0 0 ,3000 0 1000 0 0 0 0 0 0 0 ,0,24900,76105,0,0,0,0,0,0,0,0,0( ) 0( ) 0( ) 0( ) ,0,0,0
20160913,135448055,135448055,93004000,430252.PT,430252,20160913,20160913,0( ),34200,0,0,0,0,34900 0 35000 0 0 0 0 0 0 0 ,2000 0 1000 0 0 0 0 0 0 0 ,33300 0 33200 0 0 0 0 0 0 0 ,1000 0 2000 0 0 0 0 0 0 0 ,0,0,0,0,0,0,0,0,0,0,0,0( ) 0( ) 0( ) 0( ) ,0,0,0
20160913,135448055,135448055,133653000,430253.PT,430253,20160913,20160913,0( ),41800,41900,43100,41900,43100,43300 0 43400 0 43500 0 0 0 0 0 ,3000 0 2000 0 4000 0 0 0 0 0 ,43000 0 42800 0 42600 0 0 0 0 0 ,8000 0 22000 0 3000 0 0 0 0 0 ,0,103000,440560,0,0,0,0,0,0,0,0,0( ) 0( ) 0( ) 0( ) ,0,0,0
20160913,135448055,135448055,83436000,430254.PT,430254,20160913,20160913,0( ),30000,0,0,0,0,0 0 0 0 0 0 0 0 0 0 ,0 0 0 0 0 0 0 0 0 0 ,0 0 0 0 0 0 0 0 0 0 ,0 0 0 0 0 0 0 0 0 0 ,0,0,0,0,0,0,0,0,0,0,0,0( ) 0( ) 0( ) 0( ) ,0,0,0
20160913,135448055,135448055,93004000,430256.PT,430256,20160913,20160913,0( ),38000,0,0,0,0,39700 0 0 0 0 0 0 0 0 0 ,2000 0 0 0 0 0 0 0 0 0 ,37800 0 0 0 0 0 0 0 0 0 ,2000 0 0 0 0 0 0 0 0 0 ,0,0,0,0,0,0,0,0,0,0,0,0( ) 0( ) 0( ) 0( ) ,0,0,0
20160913,135448055,135448055,83436000,430258.PT,430258,20160913,20160913,0( ),59800,0,0,0,0,0 0 0 0 0 0 0 0 0 0 ,0 0 0 0 0 0 0 0 0 0 ,0 0 0 0 0 0 0 0 0 0 ,0 0 0 0 0 0 0 0 0 0 ,0,0,0,0,0,0,0,0,0,0,0,0( ) 0( ) 0( ) 0( ) ,0,0,0
20160913,135448055,135448055,83436000,430259.PT,430259,20160913,20160913,0( ),100000,0,0,0,0,0 0 0 0 0 0 0 0 0 0 ,0 0 0 0 0 0 0 0 0 0 ,0 0 0 0 0 0 0 0 0 0 ,0 0 0 0 0 0 0 0 0 0 ,0,0,0,0,0,0,0,0,0,0,0,0( ) 0( ) 0( ) 0( ) ,0,0,0
20160913,135448055,135448055,104753000,430260.PT,430260,20160913,20160913,0( ),33200,0,0,0,0,33000 0 33300 0 33400 0 0 0 0 0 ,1000 0 1000 0 1000 0 0 0 0 0 ,32200 0 32000 0 31800 0 0 0 0 0 ,1000 0 2000 0 1000 0 0 0 0 0 ,0,0,0,0,0,0,0,0,0,0,0,0( ) 0( ) 0( ) 0( ) ,0,0,0
20160913,135448055,135448055,133853000,430261.PT,430261,20160913,20160913,0( ),108200,104800,109000,103000,108400,108000 0 0 0 0 0 0 0 0 0 ,3000 0 0 0 0 0 0 0 0 0 ,102700 0 102600 0 0 0 0 0 0 0 ,1000 0 2000 0 0 0 0 0 0 0 ,0,8000,83840,0,0,0,0,0,0,0,0,0( ) 0( ) 0( ) 0( ) ,0,0,0
20160913,135448055,135448055,93453000,430263.PT,430263,20160913,20160913,0( ),47900,0,0,0,0,47800 0 48000 0 48100 0 0 0 0 0 ,6000 0 1000 0 1000 0 0 0 0 0 ,46600 0 46000 0 45800 0 0 0 0 0 ,1000 0 1000 0 1000 0 0 0 0 0 ,0,0,0,0,0,0,0,0,0,0,0,0( ) 0( ) 0( ) 0( ) ,0,0,0
20160913,135448055,135448055,102116000,430264.PT,430264,20160913,20160913,0( ),15300,0,0,0,0,15600 0 0 0 0 0 0 0 0 0 ,3000 0 0 0 0 0 0 0 0 0 ,0 0 0 0 0 0 0 0 0 0 ,0 0 0 0 0 0 0 0 0 0 ,0,0,0,0,0,0,0,0,0,0,0,0( ) 0( ) 0( ) 0( ) ,0,0,0
20160913,135448055,135448055,83436000,430265.PT,430265,20160913,20160913,0( ),80000,0,0,0,0,0 0 0 0 0 0 0 0 0 0 ,0 0 0 0 0 0 0 0 0 0 ,0 0 0 0 0 0 0 0 0 0 ,0 0 0 0 0 0 0 0 0 0 ,0,0,0,0,0,0,0,0,0,0,0,0( ) 0( ) 0( ) 0( ) ,0,0,0
20160913,135448055,135448055,100816000,430266.PT,430266,20160913,20160913,0( ),16500,16800,16900,16800,16900,17100 0 17200 0 17300 0 0 0 0 0 ,1000 0 1000 0 1000 0 0 0 0 0 ,16800 0 16700 0 16600 0 0 0 0 0 ,1000 0 1000 0 1000 0 0 0 0 0 ,0,6000,10090,0,0,0,0,0,0,0,0,0( ) 0( ) 0( ) 0( ) ,0,0,0
20160913,135448055,135448055,83436000,430267.PT,430267,20160913,20160913,0( ),210000,0,0,0,0,0 0 0 0 0 0 0 0 0 0 ,0 0 0 0 0 0 0 0 0 0 ,0 0 0 0 0 0 0 0 0 0 ,0 0 0 0 0 0 0 0 0 0 ,0,0,0,0,0,0,0,0,0,0,0,0( ) 0( ) 0( ) 0( ) ,0,0,0
20160913,135448055,135448055,83436000,430268.PT,430268,20160913,20160913,0( ),14600,0,0,0,0,0 0 0 0 0 0 0 0 0 0 ,0 0 0 0 0 0 0 0 0 0 ,0 0 0 0 0 0 0 0 0 0 ,0 0 0 0 0 0 0 0 0 0 ,0,0,0,0,0,0,0,0,0,0,0,0( ) 0( ) 0( ) 0( ) ,0,0,0
20160913,135448055,135448055,95753000,430269.PT,430269,20160913,20160913,0( ),60000,0,0,0,0,40000 0 60000 0 0 0 0 0 0 0 ,1000 0 8000 0 0 0 0 0 0 0 ,0 0 0 0 0 0 0 0 0 0 ,0 0 0 0 0 0 0 0 0 0 ,0,0,0,0,0,0,0,0,0,0,0,0( ) 0( ) 0( ) 0( ) ,0,0,0
20160913,135448055,135448055,130004000,430270.PT,430270,20160913,20160913,0( ),351300,0,0,0,0,0 0 0 0 0 0 0 0 0 0 ,0 0 0 0 0 0 0 0 0 0 ,400000 0 351800 0 0 0 0 0 0 0 ,1000 0 3000 0 0 0 0 0 0 0 ,0,0,0,0,0,0,0,0,0,0,0,0( ) 0( ) 0( ) 0( ) ,0,0,0
20160913,135448055,135448055,102339000,430271.PT,430271,20160913,20160913,0( ),122000,0,0,0,0,58000 0 0 0 0 0 0 0 0 0 ,30000 0 0 0 0 0 0 0 0 0 ,0 0 0 0 0 0 0 0 0 0 ,0 0 0 0 0 0 0 0 0 0 ,0,0,0,0,0,0,0,0,0,0,0,0( ) 0( ) 0( ) 0( ) ,0,0,0
20160913,135448055,135448055,93004000,430272.PT,430272,20160913,20160913,0( ),59000,0,0,0,0,60000 0 0 0 0 0 0 0 0 0 ,2000 0 0 0 0 0 0 0 0 0 ,57100 0 57000 0 0 0 0 0 0 0 ,1000 0 1000 0 0 0 0 0 0 0 ,0,0,0,0,0,0,0,0,0,0,0,0( ) 0( ) 0( ) 0( ) ,0,0,0
20160913,135448055,135448055,83436000,430273.PT,430273,20160913,20160913,0( ),20000,0,0,0,0,0 0 0 0 0 0 0 0 0 0 ,0 0 0 0 0 0 0 0 0 0 ,0 0 0 0 0 0 0 0 0 0 ,0 0 0 0 0 0 0 0 0 0 ,0,0,0,0,0,0,0,0,0,0,0,0( ) 0( ) 0( ) 0( ) ,0,0,0
20160913,135448055,135448055,93004000,430274.PT,430274,20160913,20160913,0( ),45500,0,0,0,0,46000 0 46200 0 46500 0 0 0 0 0 ,2000 0 1000 0 1000 0 0 0 0 0 ,44300 0 44200 0 43700 0 0 0 0 0 ,2000 0 1000 0 1000 0 0 0 0 0 ,0,0,0,0,0,0,0,0,0,0,0,0( ) 0( ) 0( ) 0( ) ,0,0,0
20160913,135448055,135448055,135416000,430276.PT,430276,20160913,20160913,0( ),30500,29000,29000,24000,24000,25100 0 25200 0 0 0 0 0 0 0 ,1000 0 1000 0 0 0 0 0 0 0 ,23900 0 0 0 0 0 0 0 0 0 ,1000 0 0 0 0 0 0 0 0 0 ,0,12000,32230,0,0,0,0,0,0,0,0,0( ) 0( ) 0( ) 0( ) ,0,0,0
20160913,135448055,135448055,83436000,430277.PT,430277,20160913,20160913,0( ),28900,0,0,0,0,0 0 0 0 0 0 0 0 0 0 ,0 0 0 0 0 0 0 0 0 0 ,0 0 0 0 0 0 0 0 0 0 ,0 0 0 0 0 0 0 0 0 0 ,0,0,0,0,0,0,0,0,0,0,0,0( ) 0( ) 0( ) 0( ) ,0,0,0
20160913,135448055,135448055,112827000,430278.PT,430278,20160913,20160913,0( ),100000,0,0,0,0,100000 0 120000 0 0 0 0 0 0 0 ,6000 0 8250 0 0 0 0 0 0 0 ,0 0 0 0 0 0 0 0 0 0 ,0 0 0 0 0 0 0 0 0 0 ,0,0,0,0,0,0,0,0,0,0,0,0( ) 0( ) 0( ) 0( ) ,0,0,0
20160913,135448055,135448055,83436000,430279.PT,430279,20160913,20160913,0( ),79000,0,0,0,0,0 0 0 0 0 0 0 0 0 0 ,0 0 0 0 0 0 0 0 0 0 ,0 0 0 0 0 0 0 0 0 0 ,0 0 0 0 0 0 0 0 0 0 ,0,0,0,0,0,0,0,0,0,0,0,0( ) 0( ) 0( ) 0( ) ,0,0,0
20160913,135448055,135448055,83436000,430280.PT,430280,20160913,20160913,0( ),130000,0,0,0,0,0 0 0 0 0 0 0 0 0 0 ,0 0 0 0 0 0 0 0 0 0 ,0 0 0 0 0 0 0 0 0 0 ,0 0 0 0 0 0 0 0 0 0 ,0,0,0,0,0,0,0,0,0,0,0,0( ) 0( ) 0( ) 0( ) ,0,0,0
20160913,135448055,135448055,83436000,430281.PT,430281,20160913,20160913,0( ),35000,0,0,0,0,0 0 0 0 0 0 0 0 0 0 ,0 0 0 0 0 0 0 0 0 0 ,0 0 0 0 0 0 0 0 0 0 ,0 0 0 0 0 0 0 0 0 0 ,0,0,0,0,0,0,0,0,0,0,0,0( ) 0( ) 0( ) 0( ) ,0,0,0
20160913,135448055,135448055,131052000,430282.PT,430282,20160913,20160913,0( ),47900,48500,48600,48500,48600,48800 0 0 0 0 0 0 0 0 0 ,2000 0 0 0 0 0 0 0 0 0 ,46400 0 0 0 0 0 0 0 0 0 ,2000 0 0 0 0 0 0 0 0 0 ,0,2000,9710,0,0,0,0,0,0,0,0,0( ) 0( ) 0( ) 0( ) ,0,0,0
20160913,135448055,135448055,135216000,430283.PT,430283,20160913,20160913,0( ),18100,19000,19000,18000,18000,19000 0 19500 0 19700 0 0 0 0 0 ,6000 0 6000 0 6000 0 0 0 0 0 ,17200 0 17000 0 0 0 0 0 0 0 ,3000 0 10000 0 0 0 0 0 0 0 ,0,86000,158100,0,0,0,0,0,0,0,0,0( ) 0( ) 0( ) 0( ) ,0,0,0
20160913,135448055,135448055,93052000,430284.PT,430284,20160913,20160913,0( ),45000,0,0,0,0,45000 0 45100 0 0 0 0 0 0 0 ,1000 0 1000 0 0 0 0 0 0 0 ,42900 0 42800 0 0 0 0 0 0 0 ,1000 0 1000 0 0 0 0 0 0 0 ,0,0,0,0,0,0,0,0,0,0,0,0( ) 0( ) 0( ) 0( ) ,0,0,0
20160913,135448055,135448055,83436000,430285.PT,430285,20160913,20160913,0( ),45400,0,0,0,0,0 0 0 0 0 0 0 0 0 0 ,0 0 0 0 0 0 0 0 0 0 ,0 0 0 0 0 0 0 0 0 0 ,0 0 0 0 0 0 0 0 0 0 ,0,0,0,0,0,0,0,0,0,0,0,0( ) 0( ) 0( ) 0( ) ,0,0,0
20160913,135448055,135448055,83436000,430286.PT,430286,20160913,20160913,0( ),60600,0,0,0,0,0 0 0 0 0 0 0 0 0 0 ,0 0 0 0 0 0 0 0 0 0 ,0 0 0 0 0 0 0 0 0 0 ,0 0 0 0 0 0 0 0 0 0 ,0,0,0,0,0,0,0,0,0,0,0,0( ) 0( ) 0( ) 0( ) ,0,0,0
20160913,135448055,135448055,83436000,430288.PT,430288,20160913,20160913,0( ),10000,0,0,0,0,0 0 0 0 0 0 0 0 0 0 ,0 0 0 0 0 0 0 0 0 0 ,0 0 0 0 0 0 0 0 0 0 ,0 0 0 0 0 0 0 0 0 0 ,0,0,0,0,0,0,0,0,0,0,0,0( ) 0( ) 0( ) 0( ) ,0,0,0
20160913,135448055,135448055,110741000,430289.PT,430289,20160913,20160913,0( ),17300,17300,17600,17300,17600,17600 0 17700 0 17800 0 0 0 0 0 ,6000 0 11000 0 3000 0 0 0 0 0 ,17500 0 17400 0 17300 0 0 0 0 0 ,1000 0 1000 0 21000 0 0 0 0 0 ,0,25000,43600,0,0,0,0,0,0,0,0,0( ) 0( ) 0( ) 0( ) ,0,0,0
20160913,135448055,135448055,83436000,430290.PT,430290,20160913,20160913,0( ),178000,0,0,0,0,0 0 0 0 0 0 0 0 0 0 ,0 0 0 0 0 0 0 0 0 0 ,0 0 0 0 0 0 0 0 0 0 ,0 0 0 0 0 0 0 0 0 0 ,0,0,0,0,0,0,0,0,0,0,0,0( ) 0( ) 0( ) 0( ) ,0,0,0
20160913,135448055,135448055,83436000,430291.PT,430291,20160913,20160913,0( ),11300,0,0,0,0,0 0 0 0 0 0 0 0 0 0 ,0 0 0 0 0 0 0 0 0 0 ,0 0 0 0 0 0 0 0 0 0 ,0 0 0 0 0 0 0 0 0 0 ,0,0,0,0,0,0,0,0,0,0,0,0( ) 0( ) 0( ) 0( ) ,0,0,0
20160913,135448055,135448055,93105000,430292.PT,430292,20160913,20160913,0( ),54200,0,0,0,0,54200 0 54300 0 54900 0 0 0 0 0 ,1000 0 1000 0 1000 0 0 0 0 0 ,52900 0 52300 0 52200 0 0 0 0 0 ,1000 0 2000 0 1000 0 0 0 0 0 ,0,0,0,0,0,0,0,0,0,0,0,0( ) 0( ) 0( ) 0( ) ,0,0,0
20160913,135448055,135448055,83436000,430293.PT,430293,20160913,20160913,0( ),103000,0,0,0,0,0 0 0 0 0 0 0 0 0 0 ,0 0 0 0 0 0 0 0 0 0 ,0 0 0 0 0 0 0 0 0 0 ,0 0 0 0 0 0 0 0 0 0 ,0,0,0,0,0,0,0,0,0,0,0,0( ) 0( ) 0( ) 0( ) ,0,0,0
20160913,135448055,135448055,94351000,430296.PT,430296,20160913,20160913,0( ),12600,12400,12400,12400,12400,12700 0 12900 0 0 0 0 0 0 0 ,4000 0 1000 0 0 0 0 0 0 0 ,12400 0 12300 0 12100 0 0 0 0 0 ,2000 0 1000 0 2000 0 0 0 0 0 ,0,3000,3720,0,0,0,0,0,0,0,0,0( ) 0( ) 0( ) 0( ) ,0,0,0
20160913,135448055,135448055,93004000,430297.PT,430297,20160913,20160913,0( ),29200,0,0,0,0,30000 0 0 0 0 0 0 0 0 0 ,3000 0 0 0 0 0 0 0 0 0 ,28500 0 0 0 0 0 0 0 0 0 ,3000 0 0 0 0 0 0 0 0 0 ,0,0,0,0,0,0,0,0,0,0,0,0( ) 0( ) 0( ) 0( ) ,0,0,0
20160913,135448055,135448055,83436000,430298.PT,430298,20160913,20160913,0( ),77600,0,0,0,0,0 0 0 0 0 0 0 0 0 0 ,0 0 0 0 0 0 0 0 0 0 ,0 0 0 0 0 0 0 0 0 0 ,0 0 0 0 0 0 0 0 0 0 ,0,0,0,0,0,0,0,0,0,0,0,0( ) 0( ) 0( ) 0( ) ,0,0,0
20160913,135448055,135448055,93004000,430299.PT,430299,20160913,20160913,0( ),11900,0,0,0,0,12300 0 12400 0 0 0 0 0 0 0 ,1000 0 1000 0 0 0 0 0 0 0 ,11800 0 11700 0 0 0 0 0 0 0 ,1000 0 1000 0 0 0 0 0 0 0 ,0,0,0,0,0,0,0,0,0,0,0,0( ) 0( ) 0( ) 0( ) ,0,0,0
20160913,135448055,135448055,105452000,430300.PT,430300,20160913,20160913,0( ),74000,74400,75800,74400,75800,76500 0 76800 0 77000 0 0 0 0 0 ,1000 0 1000 0 4000 0 0 0 0 0 ,74500 0 74000 0 73700 0 0 0 0 0 ,20000 0 2000 0 1000 0 0 0 0 0 ,0,32000,239810,0,0,0,0,0,0,0,0,0( ) 0( ) 0( ) 0( ) ,0,0,0
20160913,135448055,135448055,93004000,430301.PT,430301,20160913,20160913,0( ),34200,0,0,0,0,35400 0 35500 0 0 0 0 0 0 0 ,1000 0 1000 0 0 0 0 0 0 0 ,33800 0 33700 0 0 0 0 0 0 0 ,1000 0 1000 0 0 0 0 0 0 0 ,0,0,0,0,0,0,0,0,0,0,0,0( ) 0( ) 0( ) 0( ) ,0,0,0
20160913,135448055,135448055,83436000,430303.PT,430303,20160913,20160913,0( ),45700,0,0,0,0,0 0 0 0 0 0 0 0 0 0 ,0 0 0 0 0 0 0 0 0 0 ,0 0 0 0 0 0 0 0 0 0 ,0 0 0 0 0 0 0 0 0 0 ,0,0,0,0,0,0,0,0,0,0,0,0( ) 0( ) 0( ) 0( ) ,0,0,0
20160913,135448055,135448055,83436000,430304.PT,430304,20160913,20160913,0( ),199700,0,0,0,0,0 0 0 0 0 0 0 0 0 0 ,0 0 0 0 0 0 0 0 0 0 ,0 0 0 0 0 0 0 0 0 0 ,0 0 0 0 0 0 0 0 0 0 ,0,0,0,0,0,0,0,0,0,0,0,0( ) 0( ) 0( ) 0( ) ,0,0,0
20160913,135448055,135448055,133252000,430305.PT,430305,20160913,20160913,0( ),78900,78900,80000,78900,80000,80000 0 80200 0 80800 0 0 0 0 0 ,4000 0 2000 0 3000 0 0 0 0 0 ,78500 0 78400 0 78100 0 0 0 0 0 ,4000 0 10000 0 1000 0 0 0 0 0 ,0,24000,189870,0,0,0,0,0,0,0,0,0( ) 0( ) 0( ) 0( ) ,0,0,0
20160913,135448055,135448055,134940000,430306.PT,430306,20160913,20160913,0( ),76000,77300,83100,76100,83000,85000 0 85200 0 0 0 0 0 0 0 ,1000 0 1000 0 0 0 0 0 0 0 ,81000 0 80800 0 0 0 0 0 0 0 ,1000 0 1000 0 0 0 0 0 0 0 ,0,17000,135350,0,0,0,0,0,0,0,0,0( ) 0( ) 0( ) 0( ) ,0,0,0
20160913,135448055,135448055,83436000,430307.PT,430307,20160913,20160913,0( ),10000,0,0,0,0,0 0 0 0 0 0 0 0 0 0 ,0 0 0 0 0 0 0 0 0 0 ,0 0 0 0 0 0 0 0 0 0 ,0 0 0 0 0 0 0 0 0 0 ,0,0,0,0,0,0,0,0,0,0,0,0( ) 0( ) 0( ) 0( ) ,0,0,0
20160913,135448055,135448055,83436000,430309.PT,430309,20160913,20160913,0( ),51700,0,0,0,0,0 0 0 0 0 0 0 0 0 0 ,0 0 0 0 0 0 0 0 0 0 ,0 0 0 0 0 0 0 0 0 0 ,0 0 0 0 0 0 0 0 0 0 ,0,0,0,0,0,0,0,0,0,0,0,0( ) 0( ) 0( ) 0( ) ,0,0,0
20160913,135448055,135448055,83436000,430310.PT,430310,20160913,20160913,0( ),10000,0,0,0,0,0 0 0 0 0 0 0 0 0 0 ,0 0 0 0 0 0 0 0 0 0 ,0 0 0 0 0 0 0 0 0 0 ,0 0 0 0 0 0 0 0 0 0 ,0,0,0,0,0,0,0,0,0,0,0,0( ) 0( ) 0( ) 0( ) ,0,0,0
20160913,135448055,135448055,93004000,430311.PT,430311,20160913,20160913,0( ),21800,0,0,0,0,21800 0 21900 0 0 0 0 0 0 0 ,4000 0 1000 0 0 0 0 0 0 0 ,21100 0 20800 0 0 0 0 0 0 0 ,1000 0 2000 0 0 0 0 0 0 0 ,0,0,0,0,0,0,0,0,0,0,0,0( ) 0( ) 0( ) 0( ) ,0,0,0
20160913,135448055,135448055,110529000,430312.PT,430312,20160913,20160913,0( ),90000,0,0,0,0,85000 0 0 0 0 0 0 0 0 0 ,2000 0 0 0 0 0 0 0 0 0 ,10500 0 10000 0 0 0 0 0 0 0 ,10000 0 5000 0 0 0 0 0 0 0 ,0,0,0,0,0,0,0,0,0,0,0,0( ) 0( ) 0( ) 0( ) ,0,0,0
20160913,135448055,135448055,93004000,430313.PT,430313,20160913,20160913,0( ),18600,0,0,0,0,19000 0 19100 0 19400 0 0 0 0 0 ,3000 0 1000 0 2000 0 0 0 0 0 ,18500 0 18200 0 18100 0 0 0 0 0 ,2000 0 1000 0 3000 0 0 0 0 0 ,0,0,0,0,0,0,0,0,0,0,0,0( ) 0( ) 0( ) 0( ) ,0,0,0
20160913,135448055,135448055,83436000,430315.PT,430315,20160913,20160913,0( ),15700,0,0,0,0,0 0 0 0 0 0 0 0 0 0 ,0 0 0 0 0 0 0 0 0 0 ,0 0 0 0 0 0 0 0 0 0 ,0 0 0 0 0 0 0 0 0 0 ,0,0,0,0,0,0,0,0,0,0,0,0( ) 0( ) 0( ) 0( ) ,0,0,0
20160913,135448055,135448055,93004000,430316.PT,430316,20160913,20160913,0( ),45000,0,0,0,0,45800 0 46000 0 0 0 0 0 0 0 ,1000 0 1000 0 0 0 0 0 0 0 ,43700 0 43600 0 0 0 0 0 0 0 ,1000 0 1000 0 0 0 0 0 0 0 ,0,0,0,0,0,0,0,0,0,0,0,0( ) 0( ) 0( ) 0( ) ,0,0,0
20160913,135448055,135448055,83436000,430317.PT,430317,20160913,20160913,0( ),150000,0,0,0,0,0 0 0 0 0 0 0 0 0 0 ,0 0 0 0 0 0 0 0 0 0 ,0 0 0 0 0 0 0 0 0 0 ,0 0 0 0 0 0 0 0 0 0 ,0,0,0,0,0,0,0,0,0,0,0,0( ) 0( ) 0( ) 0( ) ,0,0,0
20160913,135448055,135448055,95927000,430318.PT,430318,20160913,20160913,0( ),35000,35000,35100,35000,35100,35100 0 35300 0 35500 0 0 0 0 0 ,29000 0 2000 0 2000 0 0 0 0 0 ,34800 0 34700 0 34500 0 0 0 0 0 ,3000 0 2000 0 2000 0 0 0 0 0 ,0,3000,10520,0,0,0,0,0,0,0,0,0( ) 0( ) 0( ) 0( ) ,0,0,0
20160913,135448055,135448055,130040000,430319.PT,430319,20160913,20160913,0( ),47100,47600,47600,47600,47600,47700 0 48300 0 0 0 0 0 0 0 ,1000 0 1000 0 0 0 0 0 0 0 ,46900 0 46800 0 0 0 0 0 0 0 ,1000 0 1000 0 0 0 0 0 0 0 ,0,1000,4760,0,0,0,0,0,0,0,0,0( ) 0( ) 0( ) 0( ) ,0,0,0
20160913,135448055,135448055,93215000,430320.PT,430320,20160913,20160913,0( ),27300,0,0,0,0,27900 0 28900 0 0 0 0 0 0 0 ,12000 0 13000 0 0 0 0 0 0 0 ,0 0 0 0 0 0 0 0 0 0 ,0 0 0 0 0 0 0 0 0 0 ,0,0,0,0,0,0,0,0,0,0,0,0( ) 0( ) 0( ) 0( ) ,0,0,0
20160913,135448055,135448055,103530000,430322.PT,430322,20160913,20160913,0( ),26000,26300,26500,26000,26000,26900 0 27000 0 0 0 0 0 0 0 ,1000 0 2000 0 0 0 0 0 0 0 ,25800 0 25700 0 0 0 0 0 0 0 ,2000 0 1000 0 0 0 0 0 0 0 ,0,8000,20950,0,0,0,0,0,0,0,0,0( ) 0( ) 0( ) 0( ) ,0,0,0
20160913,135448055,135448055,130920000,430323.PT,430323,20160913,20160913,0( ),86900,88900,91100,88900,91100,92100 0 92300 0 92600 0 0 0 0 0 ,1000 0 1000 0 2000 0 0 0 0 0 ,89400 0 89300 0 89200 0 0 0 0 0 ,3000 0 1000 0 1000 0 0 0 0 0 ,0,23000,207400,0,0,0,0,0,0,0,0,0( ) 0( ) 0( ) 0( ) ,0,0,0
20160913,135448055,135448055,102216000,430324.PT,430324,20160913,20160913,0( ),54100,54500,54500,54000,54100,54700 0 55000 0 0 0 0 0 0 0 ,3000 0 1000 0 0 0 0 0 0 0 ,52300 0 52200 0 0 0 0 0 0 0 ,1000 0 1000 0 0 0 0 0 0 0 ,0,68000,368340,0,0,0,0,0,0,0,0,0( ) 0( ) 0( ) 0( ) ,0,0,0
20160913,135448055,135448055,93004000,430325.PT,430325,20160913,20160913,0( ),112800,0,0,0,0,115000 0 115200 0 115700 0 0 0 0 0 ,1000 0 1000 0 2000 0 0 0 0 0 ,110200 0 110000 0 109500 0 0 0 0 0 ,2000 0 3000 0 1000 0 0 0 0 0 ,0,0,0,0,0,0,0,0,0,0,0,0( ) 0( ) 0( ) 0( ) ,0,0,0
20160913,135448055,135448055,83436000,430326.PT,430326,20160913,20160913,0( ),9500,0,0,0,0,0 0 0 0 0 0 0 0 0 0 ,0 0 0 0 0 0 0 0 0 0 ,0 0 0 0 0 0 0 0 0 0 ,0 0 0 0 0 0 0 0 0 0 ,0,0,0,0,0,0,0,0,0,0,0,0( ) 0( ) 0( ) 0( ) ,0,0,0
20160913,135448055,135448055,93004000,430328.PT,430328,20160913,20160913,0( ),39900,0,0,0,0,41000 0 0 0 0 0 0 0 0 0 ,2000 0 0 0 0 0 0 0 0 0 ,39000 0 0 0 0 0 0 0 0 0 ,2000 0 0 0 0 0 0 0 0 0 ,0,0,0,0,0,0,0,0,0,0,0,0( ) 0( ) 0( ) 0( ) ,0,0,0
20160913,135448055,135448055,130004000,430329.PT,430329,20160913,20160913,0( ),28000,0,0,0,0,28000 0 35000 0 0 0 0 0 0 0 ,23000 0 17000 0 0 0 0 0 0 0 ,0 0 0 0 0 0 0 0 0 0 ,0 0 0 0 0 0 0 0 0 0 ,0,0,0,0,0,0,0,0,0,0,0,0( ) 0( ) 0( ) 0( ) ,0,0,0
20160913,135448055,135448055,130653000,430330.PT,430330,20160913,20160913,0( ),56000,56000,56000,56000,56000,56000 0 56100 0 56300 0 0 0 0 0 ,20000 0 1000 0 1000 0 0 0 0 0 ,55600 0 55000 0 54700 0 0 0 0 0 ,6000 0 14000 0 1000 0 0 0 0 0 ,0,6000,33600,0,0,0,0,0,0,0,0,0( ) 0( ) 0( ) 0( ) ,0,0,0
20160913,135448055,135448055,93004000,430331.PT,430331,20160913,20160913,0( ),17800,0,0,0,0,17800 0 18000 0 0 0 0 0 0 0 ,2000 0 10000 0 0 0 0 0 0 0 ,17100 0 17000 0 0 0 0 0 0 0 ,10000 0 2000 0 0 0 0 0 0 0 ,0,0,0,0,0,0,0,0,0,0,0,0( ) 0( ) 0( ) 0( ) ,0,0,0
20160913,135448055,135448055,133440000,430332.PT,430332,20160913,20160913,0( ),18900,18900,18900,18900,18900,19100 0 19200 0 19300 0 0 0 0 0 ,1000 0 7000 0 1000 0 0 0 0 0 ,18700 0 18600 0 18500 0 0 0 0 0 ,1000 0 20000 0 2000 0 0 0 0 0 ,0,12000,22680,0,0,0,0,0,0,0,0,0( ) 0( ) 0( ) 0( ) ,0,0,0
20160913,135448055,135448055,102640000,430333.PT,430333,20160913,20160913,0( ),120000,120000,120000,120000,120000,120000 0 0 0 0 0 0 0 0 0 ,280 0 0 0 0 0 0 0 0 0 ,0 0 0 0 0 0 0 0 0 0 ,0 0 0 0 0 0 0 0 0 0 ,0,300000,3600000,0,0,0,0,0,0,0,0,0( ) 0( ) 0( ) 0( ) ,0,0,0
20160913,135448055,135448055,102404000,430334.PT,430334,20160913,20160913,0( ),48000,0,0,0,0,48200 0 48300 0 48900 0 0 0 0 0 ,3000 0 4000 0 2000 0 0 0 0 0 ,46900 0 46600 0 46500 0 0 0 0 0 ,1000 0 1000 0 2000 0 0 0 0 0 ,0,0,0,0,0,0,0,0,0,0,0,0( ) 0( ) 0( ) 0( ) ,0,0,0
20160913,135448055,135448055,110340000,430335.PT,430335,20160913,20160913,0( ),140200,137000,138800,137000,138800,142700 0 142800 0 143000 0 0 0 0 0 ,2000 0 3000 0 1000 0 0 0 0 0 ,137400 0 137300 0 136500 0 0 0 0 0 ,5000 0 8000 0 1000 0 0 0 0 0 ,0,4000,55160,0,0,0,0,0,0,0,0,0( ) 0( ) 0( ) 0( ) ,0,0,0
20160913,135448055,135448055,93004000,430336.PT,430336,20160913,20160913,0( ),16700,0,0,0,0,17000 0 0 0 0 0 0 0 0 0 ,2000 0 0 0 0 0 0 0 0 0 ,16200 0 0 0 0 0 0 0 0 0 ,2000 0 0 0 0 0 0 0 0 0 ,0,0,0,0,0,0,0,0,0,0,0,0( ) 0( ) 0( ) 0( ) ,0,0,0
20160913,135448055,135448055,134852000,430338.PT,430338,20160913,20160913,0( ),36900,37300,37600,37300,37600,37900 0 38100 0 38200 0 0 0 0 0 ,1000 0 1000 0 5000 0 0 0 0 0 ,37400 0 37300 0 37100 0 0 0 0 0 ,10000 0 1000 0 1000 0 0 0 0 0 ,0,9000,33790,0,0,0,0,0,0,0,0,0( ) 0( ) 0( ) 0( ) ,0,0,0
20160913,135448055,135448055,83436000,430339.PT,430339,20160913,20160913,0( ),22700,0,0,0,0,0 0 0 0 0 0 0 0 0 0 ,0 0 0 0 0 0 0 0 0 0 ,0 0 0 0 0 0 0 0 0 0 ,0 0 0 0 0 0 0 0 0 0 ,0,0,0,0,0,0,0,0,0,0,0,0( ) 0( ) 0( ) 0( ) ,0,0,0
20160913,135448055,135448055,93004000,430341.PT,430341,20160913,20160913,0( ),48900,0,0,0,0,49800 0 50100 0 0 0 0 0 0 0 ,2000 0 1000 0 0 0 0 0 0 0 ,47700 0 47500 0 47400 0 0 0 0 0 ,1000 0 1000 0 1000 0 0 0 0 0 ,0,0,0,0,0,0,0,0,0,0,0,0( ) 0( ) 0( ) 0( ) ,0,0,0
20160913,135448055,135448055,83436000,430342.PT,430342,20160913,20160913,0( ),20000,0,0,0,0,0 0 0 0 0 0 0 0 0 0 ,0 0 0 0 0 0 0 0 0 0 ,0 0 0 0 0 0 0 0 0 0 ,0 0 0 0 0 0 0 0 0 0 ,0,0,0,0,0,0,0,0,0,0,0,0( ) 0( ) 0( ) 0( ) ,0,0,0
20160913,135448055,135448055,83436000,430343.PT,430343,20160913,20160913,0( ),60000,0,0,0,0,0 0 0 0 0 0 0 0 0 0 ,0 0 0 0 0 0 0 0 0 0 ,0 0 0 0 0 0 0 0 0 0 ,0 0 0 0 0 0 0 0 0 0 ,0,0,0,0,0,0,0,0,0,0,0,0( ) 0( ) 0( ) 0( ) ,0,0,0
20160913,135448055,135448055,83436000,430344.PT,430344,20160913,20160913,0( ),120000,0,0,0,0,0 0 0 0 0 0 0 0 0 0 ,0 0 0 0 0 0 0 0 0 0 ,0 0 0 0 0 0 0 0 0 0 ,0 0 0 0 0 0 0 0 0 0 ,0,0,0,0,0,0,0,0,0,0,0,0( ) 0( ) 0( ) 0( ) ,0,0,0
20160913,135448055,135448055,95841000,430345.PT,430345,20160913,20160913,0( ),83200,0,0,0,0,83000 0 83100 0 0 0 0 0 0 0 ,5000 0 5000 0 0 0 0 0 0 0 ,79100 0 78900 0 0 0 0 0 0 0 ,1000 0 1000 0 0 0 0 0 0 0 ,0,0,0,0,0,0,0,0,0,0,0,0( ) 0( ) 0( ) 0( ) ,0,0,0
20160913,135448055,135448055,134317000,430346.PT,430346,20160913,20160913,0( ),199800,198100,199800,198100,199800,200300 0 200800 0 201000 0 0 0 0 0 ,2000 0 10000 0 2000 0 0 0 0 0 ,196300 0 196200 0 193700 0 0 0 0 0 ,2000 0 1000 0 1000 0 0 0 0 0 ,0,7000,139140,0,0,0,0,0,0,0,0,0( ) 0( ) 0( ) 0( ) ,0,0,0
20160913,135448055,135448055,94652000,430347.PT,430347,20160913,20160913,0( ),22400,23000,23000,23000,23000,23600 0 0 0 0 0 0 0 0 0 ,2000 0 0 0 0 0 0 0 0 0 ,22500 0 0 0 0 0 0 0 0 0 ,2000 0 0 0 0 0 0 0 0 0 ,0,2000,4600,0,0,0,0,0,0,0,0,0( ) 0( ) 0( ) 0( ) ,0,0,0
20160913,135448055,135448055,83436000,430348.PT,430348,20160913,20160913,0( ),12500,0,0,0,0,0 0 0 0 0 0 0 0 0 0 ,0 0 0 0 0 0 0 0 0 0 ,0 0 0 0 0 0 0 0 0 0 ,0 0 0 0 0 0 0 0 0 0 ,0,0,0,0,0,0,0,0,0,0,0,0( ) 0( ) 0( ) 0( ) ,0,0,0
20160913,135448055,135448055,83436000,430350.PT,430350,20160913,20160913,0( ),91000,0,0,0,0,0 0 0 0 0 0 0 0 0 0 ,0 0 0 0 0 0 0 0 0 0 ,0 0 0 0 0 0 0 0 0 0 ,0 0 0 0 0 0 0 0 0 0 ,0,0,0,0,0,0,0,0,0,0,0,0( ) 0( ) 0( ) 0( ) ,0,0,0
20160913,135448055,135448055,93004000,430351.PT,430351,20160913,20160913,0( ),72000,0,0,0,0,70800 0 72600 0 0 0 0 0 0 0 ,2000 0 1000 0 0 0 0 0 0 0 ,69000 0 67300 0 0 0 0 0 0 0 ,1000 0 2000 0 0 0 0 0 0 0 ,0,0,0,0,0,0,0,0,0,0,0,0( ) 0( ) 0( ) 0( ) ,0,0,0
20160913,135448055,135448055,83436000,430352.PT,430352,20160913,20160913,0( ),149600,0,0,0,0,0 0 0 0 0 0 0 0 0 0 ,0 0 0 0 0 0 0 0 0 0 ,0 0 0 0 0 0 0 0 0 0 ,0 0 0 0 0 0 0 0 0 0 ,0,0,0,0,0,0,0,0,0,0,0,0( ) 0( ) 0( ) 0( ) ,0,0,0
20160913,135448055,135448055,135429000,430353.PT,430353,20160913,20160913,0( ),125300,122000,125000,121100,122000,124900 0 125000 0 125500 0 0 0 0 0 ,1000 0 1000 0 5000 0 0 0 0 0 ,121300 0 119500 0 118800 0 0 0 0 0 ,6000 0 2000 0 1000 0 0 0 0 0 ,0,63000,774220,0,0,0,0,0,0,0,0,0( ) 0( ) 0( ) 0( ) ,0,0,0
20160913,135448055,135448055,93004000,430355.PT,430355,20160913,20160913,0( ),61800,0,0,0,0,64500 0 64800 0 0 0 0 0 0 0 ,1000 0 1000 0 0 0 0 0 0 0 ,61600 0 61300 0 0 0 0 0 0 0 ,1000 0 1000 0 0 0 0 0 0 0 ,0,0,0,0,0,0,0,0,0,0,0,0( ) 0( ) 0( ) 0( ) ,0,0,0
20160913,135448055,135448055,104151000,430356.PT,430356,20160913,20160913,0( ),62800,61400,61500,61000,61000,61500 0 61900 0 62000 0 0 0 0 0 ,20000 0 3000 0 1000 0 0 0 0 0 ,60900 0 60600 0 60500 0 0 0 0 0 ,2000 0 2000 0 3000 0 0 0 0 0 ,0,21000,128640,0,0,0,0,0,0,0,0,0( ) 0( ) 0( ) 0( ) ,0,0,0
20160913,135448055,135448055,134916000,430357.PT,430357,20160913,20160913,0( ),28600,28700,29000,28500,28700,28800 0 28900 0 29000 0 0 0 0 0 ,20000 0 3000 0 15000 0 0 0 0 0 ,28600 0 28300 0 28100 0 0 0 0 0 ,38000 0 5000 0 5000 0 0 0 0 0 ,0,318000,911460,0,0,0,0,0,0,0,0,0( ) 0( ) 0( ) 0( ) ,0,0,0
20160913,135448055,135448055,133628000,430358.PT,430358,20160913,20160913,0( ),76000,75500,76000,74600,75600,75900 0 76000 0 76200 0 0 0 0 0 ,10000 0 10000 0 1000 0 0 0 0 0 ,75300 0 75000 0 74800 0 0 0 0 0 ,2000 0 1000 0 1000 0 0 0 0 0 ,0,56000,421960,0,0,0,0,0,0,0,0,0( ) 0( ) 0( ) 0( ) ,0,0,0
20160913,135448055,135448055,93004000,430359.PT,430359,20160913,20160913,0( ),45800,0,0,0,0,45800 0 45900 0 46000 0 0 0 0 0 ,1000 0 1000 0 2000 0 0 0 0 0 ,44200 0 44000 0 43800 0 0 0 0 0 ,1000 0 3000 0 1000 0 0 0 0 0 ,0,0,0,0,0,0,0,0,0,0,0,0( ) 0( ) 0( ) 0( ) ,0,0,0
20160913,135448055,135448055,134716000,430360.PT,430360,20160913,20160913,0( ),30600,30800,32200,30800,32000,32900 0 33200 0 0 0 0 0 0 0 ,10000 0 1000 0 0 0 0 0 0 0 ,31600 0 31300 0 0 0 0 0 0 0 ,1000 0 10000 0 0 0 0 0 0 0 ,0,20000,63760,0,0,0,0,0,0,0,0,0( ) 0( ) 0( ) 0( ) ,0,0,0
20160913,135448055,135448055,83436000,430361.PT,430361,20160913,20160913,0( ),16500,0,0,0,0,0 0 0 0 0 0 0 0 0 0 ,0 0 0 0 0 0 0 0 0 0 ,0 0 0 0 0 0 0 0 0 0 ,0 0 0 0 0 0 0 0 0 0 ,0,0,0,0,0,0,0,0,0,0,0,0( ) 0( ) 0( ) 0( ) ,0,0,0
20160913,135448055,135448055,131104000,430362.PT,430362,20160913,20160913,0( ),26000,26200,26800,26200,26500,26600 0 26700 0 26800 0 0 0 0 0 ,5000 0 1000 0 1000 0 0 0 0 0 ,26200 0 26100 0 26000 0 0 0 0 0 ,30000 0 30000 0 20000 0 0 0 0 0 ,0,141000,372040,0,0,0,0,0,0,0,0,0( ) 0( ) 0( ) 0( ) ,0,0,0
20160913,135448055,135448055,93853000,430363.PT,430363,20160913,20160913,0( ),23000,0,0,0,0,23100 0 23200 0 23300 0 0 0 0 0 ,5000 0 3000 0 1000 0 0 0 0 0 ,22500 0 22400 0 22300 0 0 0 0 0 ,10000 0 1000 0 1000 0 0 0 0 0 ,0,0,0,0,0,0,0,0,0,0,0,0( ) 0( ) 0( ) 0( ) ,0,0,0
20160913,135448055,135448055,83436000,430365.PT,430365,20160913,20160913,0( ),50000,0,0,0,0,0 0 0 0 0 0 0 0 0 0 ,0 0 0 0 0 0 0 0 0 0 ,0 0 0 0 0 0 0 0 0 0 ,0 0 0 0 0 0 0 0 0 0 ,0,0,0,0,0,0,0,0,0,0,0,0( ) 0( ) 0( ) 0( ) ,0,0,0
20160913,135448055,135448055,83436000,430366.PT,430366,20160913,20160913,0( ),29100,0,0,0,0,0 0 0 0 0 0 0 0 0 0 ,0 0 0 0 0 0 0 0 0 0 ,0 0 0 0 0 0 0 0 0 0 ,0 0 0 0 0 0 0 0 0 0 ,0,0,0,0,0,0,0,0,0,0,0,0( ) 0( ) 0( ) 0( ) ,0,0,0
20160913,135448055,135448055,93004000,430367.PT,430367,20160913,20160913,0( ),41900,0,0,0,0,42100 0 0 0 0 0 0 0 0 0 ,4000 0 0 0 0 0 0 0 0 0 ,40000 0 0 0 0 0 0 0 0 0 ,4000 0 0 0 0 0 0 0 0 0 ,0,0,0,0,0,0,0,0,0,0,0,0( ) 0( ) 0( ) 0( ) ,0,0,0
20160913,135448055,135448055,93004000,430368.PT,430368,20160913,20160913,0( ),88000,0,0,0,0,91000 0 91800 0 0 0 0 0 0 0 ,1000 0 1000 0 0 0 0 0 0 0 ,87300 0 86500 0 0 0 0 0 0 0 ,1000 0 1000 0 0 0 0 0 0 0 ,0,0,0,0,0,0,0,0,0,0,0,0( ) 0( ) 0( ) 0( ) ,0,0,0
20160913,135448055,135448055,135020000,430369.PT,430369,20160913,20160913,0( ),96900,97000,97300,92800,97000,97000 0 97200 0 97600 0 0 0 0 0 ,5000 0 5000 0 1000 0 0 0 0 0 ,92800 0 92400 0 0 0 0 0 0 0 ,10000 0 1000 0 0 0 0 0 0 0 ,0,34000,327510,0,0,0,0,0,0,0,0,0( ) 0( ) 0( ) 0( ) ,0,0,0
20160913,135448055,135448055,83436000,430370.PT,430370,20160913,20160913,0( ),53500,0,0,0,0,0 0 0 0 0 0 0 0 0 0 ,0 0 0 0 0 0 0 0 0 0 ,0 0 0 0 0 0 0 0 0 0 ,0 0 0 0 0 0 0 0 0 0 ,0,0,0,0,0,0,0,0,0,0,0,0( ) 0( ) 0( ) 0( ) ,0,0,0
20160913,135448055,135448055,83436000,430371.PT,430371,20160913,20160913,0( ),189800,0,0,0,0,0 0 0 0 0 0 0 0 0 0 ,0 0 0 0 0 0 0 0 0 0 ,0 0 0 0 0 0 0 0 0 0 ,0 0 0 0 0 0 0 0 0 0 ,0,0,0,0,0,0,0,0,0,0,0,0( ) 0( ) 0( ) 0( ) ,0,0,0
20160913,135448055,135448055,83436000,430372.PT,430372,20160913,20160913,0( ),193000,0,0,0,0,0 0 0 0 0 0 0 0 0 0 ,0 0 0 0 0 0 0 0 0 0 ,0 0 0 0 0 0 0 0 0 0 ,0 0 0 0 0 0 0 0 0 0 ,0,0,0,0,0,0,0,0,0,0,0,0( ) 0( ) 0( ) 0( ) ,0,0,0
20160913,135448055,135448055,132928000,430373.PT,430373,20160913,20160913,0( ),73900,74000,74000,74000,74000,75000 0 75200 0 75700 0 0 0 0 0 ,2000 0 2000 0 1000 0 0 0 0 0 ,72300 0 72000 0 71500 0 0 0 0 0 ,2000 0 2000 0 2000 0 0 0 0 0 ,0,1000,7400,0,0,0,0,0,0,0,0,0( ) 0( ) 0( ) 0( ) ,0,0,0
20160913,135448055,135448055,135140000,430374.PT,430374,20160913,20160913,0( ),78500,76000,77000,75200,76300,77300 0 77800 0 77900 0 0 0 0 0 ,1000 0 1000 0 3000 0 0 0 0 0 ,74200 0 74100 0 74000 0 0 0 0 0 ,1000 0 4000 0 1000 0 0 0 0 0 ,0,14000,106410,0,0,0,0,0,0,0,0,0( ) 0( ) 0( ) 0( ) ,0,0,0
20160913,135448055,135448055,105354000,430375.PT,430375,20160913,20160913,0( ),54200,54000,54300,52800,53200,54100 0 54300 0 54500 0 0 0 0 0 ,2000 0 1000 0 1000 0 0 0 0 0 ,52500 0 52400 0 52100 0 0 0 0 0 ,2000 0 3000 0 1000 0 0 0 0 0 ,0,13000,69500,0,0,0,0,0,0,0,0,0( ) 0( ) 0( ) 0( ) ,0,0,0
20160913,135448055,135448055,93004000,430376.PT,430376,20160913,20160913,0( ),65600,0,0,0,0,67800 0 68000 0 68600 0 0 0 0 0 ,4000 0 1000 0 1000 0 0 0 0 0 ,65200 0 64600 0 64500 0 0 0 0 0 ,1000 0 1000 0 4000 0 0 0 0 0 ,0,0,0,0,0,0,0,0,0,0,0,0( ) 0( ) 0( ) 0( ) ,0,0,0
20160913,135448055,135448055,132253000,430377.PT,430377,20160913,20160913,0( ),55500,56000,60000,55500,56600,57500 0 58100 0 58400 0 0 0 0 0 ,9000 0 1000 0 1000 0 0 0 0 0 ,55700 0 55600 0 55500 0 0 0 0 0 ,1000 0 2000 0 2000 0 0 0 0 0 ,0,154000,880160,0,0,0,0,0,0,0,0,0( ) 0( ) 0( ) 0( ) ,0,0,0
20160913,135448055,135448055,93004000,430378.PT,430378,20160913,20160913,0( ),14200,0,0,0,0,14600 0 14700 0 0 0 0 0 0 0 ,1000 0 1000 0 0 0 0 0 0 0 ,14000 0 13900 0 0 0 0 0 0 0 ,1000 0 1000 0 0 0 0 0 0 0 ,0,0,0,0,0,0,0,0,0,0,0,0( ) 0( ) 0( ) 0( ) ,0,0,0
20160913,135448055,135448055,83436000,430379.PT,430379,20160913,20160913,0( ),37200,0,0,0,0,0 0 0 0 0 0 0 0 0 0 ,0 0 0 0 0 0 0 0 0 0 ,0 0 0 0 0 0 0 0 0 0 ,0 0 0 0 0 0 0 0 0 0 ,0,0,0,0,0,0,0,0,0,0,0,0( ) 0( ) 0( ) 0( ) ,0,0,0
20160913,135448055,135448055,83436000,430380.PT,430380,20160913,20160913,0( ),160000,0,0,0,0,0 0 0 0 0 0 0 0 0 0 ,0 0 0 0 0 0 0 0 0 0 ,0 0 0 0 0 0 0 0 0 0 ,0 0 0 0 0 0 0 0 0 0 ,0,0,0,0,0,0,0,0,0,0,0,0( ) 0( ) 0( ) 0( ) ,0,0,0
20160913,135448055,135448055,93004000,430382.PT,430382,20160913,20160913,0( ),62000,0,0,0,0,63200 0 63500 0 63600 0 0 0 0 0 ,1000 0 1000 0 3000 0 0 0 0 0 ,61000 0 60500 0 60400 0 0 0 0 0 ,1000 0 3000 0 1000 0 0 0 0 0 ,0,0,0,0,0,0,0,0,0,0,0,0( ) 0( ) 0( ) 0( ) ,0,0,0
20160913,135448055,135448055,130503000,430383.PT,430383,20160913,20160913,0( ),45500,46000,46000,45900,46000,46100 0 46200 0 46300 0 0 0 0 0 ,5000 0 1000 0 1000 0 0 0 0 0 ,45700 0 45600 0 45500 0 0 0 0 0 ,20000 0 2000 0 1000 0 0 0 0 0 ,0,8000,36790,0,0,0,0,0,0,0,0,0( ) 0( ) 0( ) 0( ) ,0,0,0
20160913,135448055,135448055,83436000,430384.PT,430384,20160913,20160913,0( ),65600,0,0,0,0,0 0 0 0 0 0 0 0 0 0 ,0 0 0 0 0 0 0 0 0 0 ,0 0 0 0 0 0 0 0 0 0 ,0 0 0 0 0 0 0 0 0 0 ,0,0,0,0,0,0,0,0,0,0,0,0( ) 0( ) 0( ) 0( ) ,0,0,0
20160913,135448055,135448055,93004000,430385.PT,430385,20160913,20160913,0( ),115400,0,0,0,0,109600 0 0 0 0 0 0 0 0 0 ,3000 0 0 0 0 0 0 0 0 0 ,104200 0 0 0 0 0 0 0 0 0 ,3000 0 0 0 0 0 0 0 0 0 ,0,0,0,0,0,0,0,0,0,0,0,0( ) 0( ) 0( ) 0( ) ,0,0,0
20160913,135448055,135448055,83436000,430386.PT,430386,20160913,20160913,0( ),35000,0,0,0,0,0 0 0 0 0 0 0 0 0 0 ,0 0 0 0 0 0 0 0 0 0 ,0 0 0 0 0 0 0 0 0 0 ,0 0 0 0 0 0 0 0 0 0 ,0,0,0,0,0,0,0,0,0,0,0,0( ) 0( ) 0( ) 0( ) ,0,0,0
20160913,135448055,135448055,83436000,430387.PT,430387,20160913,20160913,0( ),80500,0,0,0,0,0 0 0 0 0 0 0 0 0 0 ,0 0 0 0 0 0 0 0 0 0 ,0 0 0 0 0 0 0 0 0 0 ,0 0 0 0 0 0 0 0 0 0 ,0,0,0,0,0,0,0,0,0,0,0,0( ) 0( ) 0( ) 0( ) ,0,0,0
20160913,135448055,135448055,110329000,430388.PT,430388,20160913,20160913,0( ),36000,0,0,0,0,50000 0 55000 0 55500 0 0 0 0 0 ,34000 0 9000 0 10000 0 0 0 0 0 ,0 0 0 0 0 0 0 0 0 0 ,0 0 0 0 0 0 0 0 0 0 ,0,0,0,0,0,0,0,0,0,0,0,0( ) 0( ) 0( ) 0( ) ,0,0,0
20160913,135448055,135448055,83436000,430389.PT,430389,20160913,20160913,0( ),13000,0,0,0,0,0 0 0 0 0 0 0 0 0 0 ,0 0 0 0 0 0 0 0 0 0 ,0 0 0 0 0 0 0 0 0 0 ,0 0 0 0 0 0 0 0 0 0 ,0,0,0,0,0,0,0,0,0,0,0,0( ) 0( ) 0( ) 0( ) ,0,0,0
